2196 3002
551 146 578 183 45

59 252 112 299 Orig.
125 250 239 287 eccl..Alex.
254 263 272 297 p.
283 249 331 295 165)
346 250 449 292 Marianae,
465 252 498 300 qui
513 251 536 286 de
552 265 611 299 regno
628 250 699 299 Pelagii
710 263 724 283 a.
735 247 776 285 737
792 247 877 283 defuncti
892 248 965 283 locutus
980 248 1027 282 haec
1043 247 1076 282 lra-

58 314 92 347 bet
106 311 140 357 (de
155 311 195 345 reb.
209 311 265 359 Hisp.
280 311 322 353 VII,
336 310 367 355 3):
389 312 434 346 »His
450 312 534 360 aequalis
554 312 635 347 loannes
650 310 768 360 Hispalensis
783 309 860 358 praesul
876 309 949 344 divinos
963 308 1024 343 libros
1038 308 1075 343 lin-

59 382 105 422 ”gua
114 373 195 407 Arabica
205 371 292 414 donabat,
306 373 405 420 utriusque
420 374 500 422 nationis
514 372 567 407 saluti
581 372 692 408 consulens:
708 372 798 419 quoniam
809 371 903 405 Arabicae
918 369 993 419 linguae
1005 369 1075 404 multus

58 442 113 468 >tusus
129 443 169 467 erat
178 433 288 467 Christianis
303 447 364 481 aeque
380 444 437 481 atque
447 434 527 475 Mauris,
542 434 608 467 Latina
623 434 695 481 passim
711 432 843 482 ignorabatur5
858 432 897 465 eius
911 431 1074 479 interpretationis

58 493 158 541 ”exempla
173 494 196 528 ad
211 503 294 529 nostram
309 503 391 528 aetatem
407 504 517 528 conservata
531 504 575 528 sunt
590 499 692 542 extantque
707 507 746 528 non
762 505 798 527 tmo
814 492 857 527 loco
876 492 896 525 in
911 491 1012 539 Hispaniae
1025 493 1074 526 Ante

58 567 100 589 eum
113 555 180 589 eadem
195 554 263 589 iisdem
276 554 316 588 sere
330 555 394 589 verbis
410 554 507 589 tradidere
522 556 604 589 Vasaeus
620 555 645 589 ad
659 569 675 590 a.
688 553 730 591 717
745 563 766 587 et
777 553 888 602 Alpbousus
899 553 978 600 Sapiens
989 552 1075 587 Cronica

57 616 140 663 general
154 616 196 661 (ΙΙΙ,
207 614 225 651 2.
239 629 269 663 ap.
281 613 391 649 Florezium
406 615 451 664 Esp.
464 629 517 663 sagr.
530 616 564 653 IX.
577 615 638 659 242),
659 615 694 649 scd
714 615 776 649 omnia
795 614 843 648 haec
863 614 920 648 unice
940 613 1038 661 pendent,
1053 623 1074 647 ut

57 677 159 712 verborum
175 685 278 711 concentus
296 685 314 709 et
328 677 442 711 narrationis
457 677 504 712 ordo
524 677 668 717 demonstrant,
688 690 711 710 ex
725 675 819 710 Roderieo
835 674 931 709 Toletano
940 701 948 716 7.
966 674 990 708 ita
1010 684 1031 708 ut
1050 674 1074 708 sd

58 739 97 772 eins
113 739 168 771 unius
183 737 311 771 testimoninm
330 750 361 771 res
375 737 477 772 iudicanda
492 739 521 772 sit,
549 738 567 772 ls
583 738 649 785 igitur,
671 738 704 772 ubi
719 737 743 771 de
759 736 836 785 Pelagio
851 736 947 783 loquitur,
966 735 994 769 his
1009 735 1073 770 verhis

56 799 126 832 utitur:
142 797 240 842 (Ovantius
256 808 274 831 et
287 796 415 845 Frodoarius)
431 808 502 847 »usqne
517 798 540 833 ad
561 808 647 846 tempora
663 797 803 838 Almohatlum,
823 798 856 845 qui
870 798 998 844 imperatores
1013 795 1075 830 Aide-

57 859 117 893 »fonsi
134 860 348 907 temporeineeperuut,
362 860 382 892 in
397 872 446 908 paee
455 860 538 894 instituta
553 858 663 907 evangelica
678 867 804 893 servaverunt.
835 858 858 891 Et
872 858 891 891 iu
906 858 942 892 isto
958 856 1023 892 medio
1039 856 1074 891 fuir

57 919 120 967 »apud
134 919 226 967 Hispalim
242 919 335 967 gloriosus
352 930 370 954 et
384 920 511 954 sanctissimus
525 920 607 954 Ioannes
622 921 723 968 episcopus
737 920 770 967 qui
785 919 807 952 ab
815 918 910 952 Arahihus
926 918 983 953 Caeit
997 918 1018 951 at
1032 931 1073 951 ma-

56 989 125 1016 »tran«
142 981 177 1026 (sic
192 980 262 1028 legitur
273 983 293 1015 in
309 980 355 1015 edit.
371 982 433 1028 princ.
447 980 504 1016 Gran.
520 979 580 1016 1545.
596 979 616 1024 s.)
634 981 747 1015 »vocabatur
764 989 782 1014 et
796 992 863 1026 magna
878 980 955 1013 scientia
975 981 993 1013 in
1008 978 1072 1027 lingua

56 1042 148 1076 »Arabica
163 1041 234 1083 claruit,
251 1041 313 1076 multis
322 1041 455 1076 miraculorum
472 1042 614 1089 operationibus
629 1042 723 1089 gloriosus
740 1040 813 1081 effulsit,
829 1041 862 1087 qni
878 1041 934 1074 etiam
949 1053 1010 1074 sacras
1020 1041 1073 1074 'scri-

55 1110 131 1150 npturas
148 1101 244 1136 catholicis
261 1103 412 1150 expositionibus
428 1101 536 1142 declaravit,
551 1115 598 1151 quas
613 1104 633 1136 in
649 1103 779 1137 formationem
795 1110 916 1149 posterorum
926 1101 1008 1134 Arabice
1027 1113 1072 1134 con-

55 1165 145 1212 »scriptas
160 1162 242 1211 reliquit
272 1164 316 1198 Fuit
329 1165 385 1197 etiarn
400 1163 427 1211 ibi
446 1163 491 1197 alius
507 1163 578 1197 electos
593 1165 672 1198 nomine
688 1162 791 1204 Clemens,
810 1162 842 1210 qni
857 1162 904 1209 fugit
918 1175 928 1195 a
943 1161 991 1195 facie
1007 1163 1072 1196 Almo-

54 1223 135 1257 »badum
150 1223 267 1265 Talaveram,
284 1224 350 1272 ibique
367 1223 400 1257 diu
420 1234 502 1258 moratus
521 1225 576 1258 vitam
597 1224 670 1264 finivit,
689 1223 741 1257 cuins
760 1233 933 1270 contemporaneos
948 1222 1026 1256 memini
1041 1235 1071 1257 me

55 1284 154 1320 nvidisse«
184 1286 236 1319 Haec
251 1285 278 1319 illi
293 1284 342 1319 male
356 1284 495 1319 intellexerunt.
520 1284 567 1318 Nam
583 1285 666 1331 primurn
677 1298 740 1332 *quum
754 1283 860 1318 Rodericus
876 1297 907 1317 sua
921 1292 986 1318 narret
999 1284 1020 1317 in
1035 1284 1072 1317 vita

54 1345 125 1394 Pelagii
139 1355 181 1380 ante
197 1355 361 1380 commemoratam
378 1346 418 1379 eius
434 1355 524 1386 mortem,
539 1358 643 1393 perperam
664 1346 718 1379 etiam
738 1345 830 1379 Ioannem
844 1343 916 1393 Pelagii
935 1350 1022 1392 tempore
1043 1345 1071 1378 vi-

54 1406 245 1454 xisseffsumpserunt.
275 1408 300 1441 At
313 1407 373 1440 verba
386 1405 432 1447 illa,
452 1419 500 1454 quae
518 1405 625 1441 Rodericus
641 1406 802 1454 ipsenarrationi
818 1405 842 1439 de
858 1405 935 1453 Pelagio
954 1418 976 1439 ex
996 1405 1070 1440 Isidoro

53 1466 89 1500 iam
110 1479 149 1501 non
170 1466 251 1514 amplius
271 1466 303 1511 (cf.
317 1468 372 1501 Dozr
386 1467 446 1501 Beck.
461 1480 476 1500 s,
492 1467 547 1501 l'tisr.
563 1466 588 1501 de
603 1467 660 1515 l’Erp.
673 1467 702 1501 ed.
713 1466 744 1502 alt.
755 1467 769 1505 l,
783 1461 804 1514 2)
817 1467 897 1501 Pacensi
913 1465 1020 1514 descriptae
1036 1466 1070 1500 ad-

55 1526 109 1568 didit⁷
124 1528 148 1561 ita
164 1527 288 1577 intelligenda
305 1541 359 1569 esse,
379 1538 400 1562 ut
415 1529 497 1576 scriptor
513 1529 602 1563 Ioannem
623 1541 676 1561 suum
697 1527 776 1572 saeculis
792 1527 887 1575 Pelagium
906 1528 958 1576 inter
972 1537 990 1560 et
1004 1527 1070 1562 Almo-

54 1587 114 1622 hades
130 1588 199 1636 elapsis
214 1590 308 1637 assignare
324 1589 419 1630 voluerit,
429 1600 489 1624 recte
505 1590 631 1623 observarunt
645 1590 738 1623 Antonius
758 1587 807 1623 Btbt.
823 1588 870 1636 hisp.
887 1596 940 1622 vetus
955 1587 968 1620 I.
983 1587 1024 1624 482
1040 1589 1069 1623 ed.

5 1643 6 1646 Ἰ
54 1647 142 1685 21780.
156 1658 175 1683 et
188 1649 284 1684 Florezius
301 1650 345 1698 Esp.
360 1663 413 1698 sagr.
429 1649 571 1686 111201θᾶ2
587 1649 711 1694 (243ed.1).
742 1650 779 1684 Iam
793 1663 829 1697 per
844 1663 863 1683 se
874 1650 940 1697 primis
952 1658 995 1697 post
1009 1663 1069 1698 expu-

54 1711 161 1757 gnationem
178 1711 230 1744 anuis
248 1719 266 1744 ct
281 1720 373 1759 tempore,
389 1724 428 1759 quo
443 1713 480 1759 ipsi
495 1712 568 1746 Arabes
587 1710 613 1745 de
627 1710 681 1745 libris
704 1703 842 1759 componendis
857 1710 943 1744 nondum
958 1711 1068 1759 cogitarunt,

54 1770 165 1818 episcopum
182 1771 303 1806 christianum
318 1772 402 1806 Arabice
418 1773 503 1807 scribere
518 1785 558 1807 non
572 1773 657 1820 potuisse
672 1771 749 1807 evidens
765 1781 798 1806 est,
828 1771 908 1814 Quando
924 1780 987 1805 autem
1001 1773 1069 1806 vixerit

53 1830 133 1865 Ioannes
148 1831 233 1865 nondum
255 1832 373 1879 exploratum
395 1842 434 1876 est3
455 1847 500 1867 num
519 1833 570 1867 idem
586 1835 610 1867 sit
627 1834 660 1881 qui
681 1832 762 1868 concilio
780 1832 901 1867 Cordubensi
915 1846 931 1865 a.
946 1830 986 1868 839
1003 1832 1067 1867 habito

52 1891 165 1939 subscripsit
178 1892 254 1937 (Floret
267 1887 279 1927 l.
288 1892 300 1929 l.
310 1894 334 1926 X.
347 1893 376 1927 ed.
387 1893 474 1930 21792.
484 1908 502 1942 p.
513 1893 574 1939 531),
590 1907 685 1943 perquam
702 1894 781 1928 dubium
795 1893 881 1934 videtur,
900 1902 958 1941 atque
977 1894 1067 1929 Roderici

51 1952 110 1985 verba
125 1955 236 1999 permittunt
250 1966 292 1987 eum
307 1953 407 2001 aequalem
422 1965 489 2002 putare
505 1955 599 1990 Clementi
614 1954 654 1998 illo7
671 1957 723 1989 cuius
739 1965 909 2003 contemporaneos
929 1956 971 2003 ipse
987 1956 1036 1989 cirea
1052 1969 1067 1989 a.

52 2009 106 2047 1200
119 2012 181 2047 adhue
194 2013 245 2048 vidit.
275 2014 353 2049 Deinde
369 2014 485 2051 Rodericum
500 2029 538 2051 non
552 2016 712 2052 de'translatione
730 2016 840 2057 bibliorum,
855 2015 891 2050 sed
910 2015 934 2051 de
947 2017 1066 2050 enarratione

51 2069 104 2118 loqui
119 2084 210 2121 apparet,
225 2074 315 2123 illamque
331 2072 404 2122 (forsan
421 2090 444 2111 er
458 2076 506 2111 male
521 2074 667 2125 adscripturus
681 2077 742 2112 relato
758 2077 872 2126 pronomine
888 2077 945 2127 quas)
962 2078 979 2111 ei
996 2077 1066 2124 primus

51 2131 121 2165 affinxit
134 2133 251 2181 Alphcnsus,
266 2144 309 2184 post
324 2150 381 2184 quem
398 2136 468 2186 reliqui
484 2138 552 2172 eodem
569 2151 635 2176 errore
650 2140 764 2173 tenebantur
779 2138 875 2187 usquead
888 2140 998 2180 Marianam,
1014 2140 1066 2173 cuius

50 2193 132 2226 narratio
148 2193 173 2228 de
190 2196 281 2243 exemplis
296 2210 336 2232 non
352 2210 389 2232 uno
404 2198 447 2234 loco
462 2199 483 2233 in
491 2198 587 2247 Hispania
598 2200 718 2241 exstantibus,
734 2213 792 2248 quum
807 2201 827 2233 in
835 2200 921 2234 Arabicis
937 2199 990 2234 rudis
1003 2199 1066 2242 fuerit,

52 2253 103 2287 omni
117 2252 157 2288 fide
173 2264 230 2289 caret.
260 2257 307 2292 Rem
321 2268 375 2293 recte
385 2260 422 2293 iam
436 2270 577 2308 perspexerunt
584 2260 691 2308 Lelongins,
708 2262 741 2308 qui
755 2247 940 2309 quemquamissibl.
949 2274 996 2296 sacr.
1005 2259 1065 2303 1723,

50 2326 68 2361 P·
78 2312 123 2349 112·
139 2314 243 2350 MflSCh-H·
254 2317 303 2365 108)
318 2320 394 2355 loannis
410 2320 527 2369 Hispalensis
543 2323 651 2357 versionem
667 2320 738 2356 diserte
754 2322 857 2370 suppositis
872 2332 989 2363 annumeret,
1004 2321 1065 2357 nihilo

50 2376 111 2408 miuus
125 2375 145 2408 in
159 2375 266 2424 vulgaribus
281 2378 306 2413 de
320 2381 398 2416 historia
411 2381 434 2416 Ν.
446 2383 468 2415 Τ.
485 2383 623 2417 commentariis
640 2391 728 2431 tanquam
744 2382 784 2417 eius
797 2383 826 2416 rei
841 2383 892 2417 testis
911 2382 1037 2430 producitur,'
1047 2394 1065 2427 et

50 2435 130 2470 nasia
145 2435 207 2480 (irat.
224 2440 266 2485 aaa
282 2439 306 2473 aa
319 2441 364 2488 asp.
379 2442 433 2479 xnr.
447 2441 506 2480 1794.
522 2458 540 2491 p.
557 2436 634 2488 troil)

105 2538 120 2571 1)
132 2538 150 2584 In
161 2539 230 2584 catalogo
241 2540 344 2584 bibliothecae
352 2544 462 2572 Eseurialensis
472 2546 547 2573 recenseri
559 2547 627 2573 codicem
637 2555 678 2573 nune
688 2547 788 2581 deperditum,
800 2548 824 2583 qui
834 2550 947 2581 eauoyelz'orunt
958 2550 1043 2575 versionem
1055 2558 1065 2575 a

50 2573 111 2618 quone
122 2575 213 2611 fflquuteust
224 2577 266 2603 Zarai
276 2580 293 2605 ul
301 2579 368 2607 Matrua
377 2584 457 2609 nominato
468 2589 534 2617 tempore
545 2582 621 2619 altahensi
631 2585 709 2611 Catholici
718 2586 803 2620 confectam
815 2586 891 2611 continere
902 2585 965 2618 dicatur,
976 2586 1022 2611 tradit
1035 2591 1064 2613 An-

49 2612 120 2656 tpnrusbl,
132 2612 142 2638 1.
153 2623 169 2648 p.
180 2612 215 2641 485.
235 2613 315 2659 Sedqhaec
325 2625 387 2650 prorsus
397 2619 454 2645 incerta
465 2628 499 2646 esse
510 2620 558 2655 quivis
568 2622 647 2648 concedet.
667 2622 718 2648 Aliam
728 2623 812 2648 versionem
822 2631 842 2648 ex
852 2623 941 2657 apographo
953 2623 1019 2656 catalogi
1028 2622 1064 2650 Sco-

48 2649 123 2694 melenus,
135 2651 178 2685 quod
188 2651 272 2685 Hamburgt
283 2655 309 2696 est,
319 2655 381 2687 protulit
390 2656 492 2683 nortmannus
503 2654 716 2693 (Serapeua21854.p.298):
730 2659 753 2686 Et
763 2661 829 2692 scyrosin
840 2661 920 2693 enonyelio
931 2669 977 2694 seyen
988 2663 1004 2686 le
1015 2663 1063 2686 iuter.

45 2689 128 2716 pretuezon
140 2690 158 2715 de
170 2689 261 2715 Sarmatam
272 2691 304 2723 hz'yo
316 2691 335 2717 de
348 2691 401 2722 Quam
411 2693 427 2718 el
437 2695 507 2720 tiemaro
519 2694 600 2727 Murem,
615 2699 672 2723 escritu
683 2695 731 2723 aride
743 2696 782 2724 Chr-o
796 2698 841 2729 1177,
851 2705 880 2731 que
893 2699 937 2723 siene
949 2706 977 2724 con
988 2698 1004 2722 el
1014 2695 1034 2723 αὖ
1045 2699 1063 2724 de

48 2721 65 2745 la
73 2722 114 2764 supa
127 2724 146 2750 de
157 2726 192 2758 875,
205 2727 220 2752 in
231 2727 285 2762 quibus
296 2728 346 2754 verbis
356 2737 385 2755 nec
395 2731 457 2756 nomina
467 2739 496 2757 nee
507 2738 580 2758 annorum
590 2741 669 2759 nnmerum
680 2735 756 2760 restituere
767 2734 823 2761 audeo.
844 2734 913 2760 Ceterum
923 2734 961 2760 inter
971 2735 1063 2761 Christianos

49 2756 114 2784 Arabica
125 2761 203 2804 lpquentes
213 2772 244 2790 non
254 2766 314 2792 omnino
326 2767 412 2800 neglectam
421 2768 468 2804 tuisse
478 2767 548 2793 Latinam
559 2770 645 2796 versionem
655 2774 718 2804 apparet
733 2779 753 2798 ex
763 2772 816 2798 codice
828 2771 869 2805 apud
879 2771 952 2805 Puseyurn
964 2780 978 2805 p.
989 2769 1018 2799 491
1030 2780 1063 2799 sae-

48 2794 82 2819 culo
95 2795 124 2821 XV
132 2806 148 2825 m
159 2801 228 2834 Aegypto
242 2803 301 2837 scripto,
312 2804 327 2829 iu
339 2812 367 2839 quo
378 2807 466 2831 annotatum
478 2807 500 2832 est
511 2813 545 2831 eum
552 2807 617 2840 'Hispali
628 2816 662 2833 cum
673 2810 742 2843 exemplo
753 2809 808 2835 Latino
818 2809 865 2835 fnisse
876 2809 951 2834 collatum.
