1891 3002
633 247 666 301 ’ό
681 264 738 303 lineis
749 261 853 314 parallelis
867 266 934 300 consta

646 329 697 380 apud
713 328 828 378 quemiam
847 326 938 364 rotundiu

646 394 697 444 apud
711 392 788 436 Eliam3
803 393 823 428 in
838 391 919 440 reliquis
939 393 941 423 l

645 461 694 498 sima
709 458 773 504 ligura
788 455 862 494 recedit
875 456 933 493 litera

646 524 751 561 coniuncta
767 523 787 558 in
803 519 818 558 G
834 525 853 557 et
867 519 884 556 E
899 519 937 556 cufi

644 588 743 637 Lipsiensi
770 590 851 623 exarata
872 589 902 621 est
921 597 939 621 ct

644 663 686 690 surn
701 652 774 698 ducto,
789 655 810 686 ut
824 648 935 686 luculenter

643 719 701 754 etiam
716 719 737 754 in
752 713 864 751 recentibus
880 725 925 751 mss.
940 717 942 746 t

643 783 662 819 A
677 783 697 828 4,
713 785 732 817 et
747 779 772 815 ad
786 780 884 827 antiquam
898 778 939 826 figu

643 845 738 893 exemplis
751 842 821 881 videre
836 843 887 881 licet.
915 843 934 881 V

643 911 686 947 dem
699 907 830 946 memorabilis
846 913 875 945 est
889 910 943 957 signi

607 1009 608 1012 ,
642 973 762 1009 dumautem
777 983 832 1008 more
847 972 909 1009 cufico

644 1042 734 1083 munim,
750 1037 769 1073 id
785 1035 836 1085 quod
851 1038 926 1073 nonin

698 1102 806 1138 Literarum
823 1112 870 1149 quas
885 1107 942 1138 enota

641 1168 697 1204 etiam
712 1169 733 1203 in
748 1166 848 1215 literatura
864 1166 932 1203 occide

639 1229 676 1267 hus
692 1229 721 1267 his
742 1231 859 1279 comparatis
875 1232 944 1276 egreg'

639 1295 711 1342 tradit,
727 1294 859 1344 Hispanorum
874 1296 934 1344 script

640 1359 761 1406 maghribica
776 1370 834 1396 manu
847 1358 938 1396 similitud

638 1424 688 1462 tebit
702 1424 823 1473 comparanti
838 1425 936 1472 antiquior

640 1491 681 1538 topi
694 1489 803 1527 Bodleiaai
817 1488 888 1526 tabulis
896 1488 945 1526 lVe

638 1558 721 1590 aetatem
735 1557 836 1590 testantur.
867 1553 942 1598 Quaed.

637 1620 710 1668 passim
731 1618 874 1665 observantur,
891 1624 912 1655 ut
936 1629 945 1637 ¹·

637 1682 742 1732 Apollonii
757 1683 841 1729 Pergaei
859 1685 905 1719 anni
920 1685 936 1722 6·

636 1751 679 1783 toto
695 1746 762 1783 habitu
775 1747 788 1783 ii
801 1758 812 1783 a
826 1753 894 1785 nostro
911 1748 945 1785 diff

638 1811 706 1849 iudicii
721 1819 812 1850 summam
828 1814 935 1861 pronuncia

639 1877 712 1922 quitate
728 1875 848 1924 aliquantum
863 1888 944 1925 superar

639 1930 714 1976 decimo
729 1939 798 1986 seculo
812 1942 859 1978 satis
874 1941 944 1990 proba·

639 2000 663 2037 de
679 2002 761 2050 Syriaca
778 2010 833 2053 parte
848 2004 944 2055 disputata

640 2076 699 2113 patae
714 2065 805 2105 Scetensi
820 2069 946 2107 collectione

639 2128 732 2177 perducta
747 2137 789 2178 est,
813 2135 908 2181 originem
922 2146 945 2171 re

638 2192 705 2231 bloses
720 2191 826 2235 Nisibenus
848 2198 901 2236 lllius
917 2211 945 2235 m·

638 2259 686 2308 ipsis
701 2258 742 2295 illis
757 2260 884 2310 regionibus,
906 2266 927 2300 in

640 2324 767 2360 execratione
783 2324 868 2370 singulis
883 2328 944 2366 inscri

638 2390 681 2435 sit,
696 2387 732 2424 hac
746 2387 771 2424 de
786 2398 821 2435 re,
836 2400 886 2437 quae
901 2394 926 2429 ad

639 2452 732 2490 affirmari
747 2457 817 2504 potest.

695 2517 804 2567 Antequam
820 2518 844 2555 de
858 2519 945 2558 Arabica

639 2581 663 2625 de
677 2587 743 2620 textus
754 2582 832 2632 Syriaci
847 2584 913 2621 indole
927 2598 946 2623 e.

638 2645 659 2680 iu
673 2651 726 2685 tanta
741 2654 908 2699 monumentorum
922 2662 946 2688 vr

639 2712 706 2763 sertim
720 2713 815 2753 Romanis
830 2721 850 2765 et
864 2714 946 2754 Londin

638 2772 741 2814 utilitatem
756 2790 766 2815 a
784 2781 857 2819 criticis
874 2783 944 2833 capip
