2196 3002
545 124 572 161 47

50 227 83 262 203
99 223 150 275 lais-t
164 223 180 263 »ἕ
194 237 212 261 et
226 225 329 274 diligenter
342 226 440 276 distinguit
454 228 501 263 Hist.
511 229 547 265 los.
557 227 720 270 ed.Wallin2,3.
730 227 762 269 14,
771 227 789 265 5.
806 238 825 263 et
838 228 859 269 6,
867 229 886 266 3
896 228 914 271 7,
924 228 942 265 3
957 229 1066 272 Luc.1,37

50 284 78 338 (p
88 287 130 333 62)
138 288 162 322 ad
177 287 371 337 Hie1.(impossibile
387 288 473 363 verbum)
488 292 546 339 magis
562 291 642 325 accedit
653 292 671 324 P.
681 292 715 322 *ii-3
724 292 765 337 4.”.
761 288 828 332 ¹5:045,
844 303 900 338 quam
915 291 968 326 REM
980 298 1053 339 ,aas
1044 289 1066 324 at

49 351 126 395 (rest
106 347 205 394 difficilis)
413 375 416 379 .
438 372 439 375 ,
477 374 478 377 ,

105 405 127 458 h]
142 411 181 444 Mt
187 409 205 452 3,
218 409 230 446 9
245 408 272 456 μὴ
286 405 359 452 δόξητε
373 408 438 457 λέγειν
453 419 481 444 est
495 360 548 458 apud
561 410 593 444 R.
592 419 618 444 et
632 410 647 443 E
663 368 755 452 libs-³5¹
764 404 785 452 ’3,
799 375 879 453 1,1,33,,
880 408 936 457 apud
953 410 1005 445 Hier
1017 410 1064 445 satis

50 471 127 506 diverse
143 483 168 504 ne
179 471 241 505 velitis
254 470 325 505 dicere.
355 472 381 506 Ut
395 470 518 506 nihilominus
533 472 581 505 haee
595 473 762 518 componerentur
768 483 816 518 opus
827 470 862 504 fuit
876 470 991 512 coniectura,
1005 471 1064 505 inter-

48 541 124 580 pretem
138 532 158 565 in
173 532 239 566 codice
254 545 287 566 suo
304 531 406 566 lectionem
421 532 479 566 Italae
492 534 597 580 praeferre
611 532 714 579 reperisse,
729 544 785 579 quam
800 533 836 568 ita
841 530 962 565 intellexerit.
985 531 1064 579 Simpli-

48 594 87 627 cius
100 602 162 627 autem
179 602 247 627 statues
264 605 306 626 eum
322 593 342 626 in
357 587 429 635 δόξητε
444 595 480 628 vim
493 594 552 627 verbi
563 588 599 634 δοξ
590 588 692 637 {aldenbort
708 593 827 641 quaesivisse,
844 592 896 640 quod
905 597 961 631 rma-¹
973 591 1064 626 redditur

47 655 84 690 les.
91 653 124 696 45,
133 652 165 689 23.
181 651 213 695 52,
224 652 254 688 13.
270 652 330 698 1136,
341 651 373 690 20.
402 654 424 688 R.
438 668 480 689 cum
495 656 533 689 EM
543 653 604 695 11112
614 654 677 701 torp.
687 648 727 702 40)
732 652 895 701 ΡΓΓεΒειθρηνος
902 664 938 686 και
931 649 1062 698 κλαυθμος,

47 724 112 750 eontra
126 716 139 748 P
155 727 197 748 cum
212 714 263 747 Hier.
279 714 339 749 solum
354 714 467 761 κλαυθμός.
497 713 551 750 Illam
567 724 621 763 putat
636 715 659 750 V.
669 713 698 748 Cl.
711 713 768 748 Italae
778 713 887 756 lectionem,
904 728 961 762 quam
974 714 995 747 in
1009 727 1062 748 suam

46 777 98 810 Hier.
113 774 199 810 codicem
214 776 303 810 insertam
322 777 416 811 invenerit
435 777 536 825 interpres.
566 775 607 811 Sed
623 789 681 824 quum
696 776 758 824 potius
774 774 834 810 Italae
854 775 930 810 codices
949 787 1014 810 omnes
1031 778 1063 823 er-

31 835 33 838 ”
47 846 102 884 cepta
119 835 190 870 codicis
205 837 222 870 D
238 835 325 870 columna
340 837 406 871 Latina
421 851 463 871 cum
476 837 620 872 vestustioribus
637 837 715 871 Graecis
727 836 841 884 Hieronymi
855 834 957 871 lectionem
973 835 1061 877 habeant,

45 897 77 932 illa
92 907 154 931 autem
169 898 189 930 in
204 892 303 946 plerisque
323 911 365 933 mss.
386 895 453 932 Grjea
471 899 500 932 in⁴
511 911 548 932 uno
564 898 631 933 Latino
649 898 665 931 D
681 898 732 931 iuxta
748 897 828 931 eandem
846 895 950 931 lectionem
965 897 1062 931 Graecam

46 959 158 999 inveniatur,
172 957 227 992 facile
241 968 325 1006 apparet,
340 972 396 1006 quam
411 958 484 993 lubrica
498 958 539 992 talis
555 960 582 992 rei
593 957 716 1006 explicandae
730 958 778 992 ratio
793 959 821 992 sit.
843 959 877 991 Mt.
888 956 943 998 14,3
960 952 986 1006 (p.
996 955 1032 1000 41)
1045 958 1061 991 R

45 1033 87 1054 eum
103 1019 141 1053 EM
156 1019 215 1053 habet
229 1014 340 1062 Φιλίππου,
357 1030 376 1053 ut
390 1019 485 1067 plerique
496 1019 554 1054 codd.
570 1019 605 1053 Gr.
614 1029 632 1053 et
640 1019 683 1067 Syr5
699 1020 787 1054 omittunt
801 1019 855 1054 Hier.
869 1029 888 1053 et
902 1019 922 1050 P.
952 1018 1011 1051 Etiam
1024 1017 1060 1052 hoe

44 1094 67 1114 ex
81 1081 127 1114 Itala
143 1085 237 1126 sumptum
252 1079 310 1114 fuisse
326 1092 348 1113 eo
368 1078 437 1114 minus
449 1080 552 1115 verisimile
568 1079 625 1113 reddi
640 1089 712 1128 potest,
729 1092 787 1127 quum
805 1080 860 1113 etiam
879 1081 899 1113 in
914 1078 968 1112 huius
984 1079 1060 1112 testium

44 1151 97 1189 parte
110 1130 180 1175 maiore
194 1140 247 1174 desit.

100 1213 117 1266 e)
134 1219 166 1252 Le.
177 1216 216 1259 &8
231 1212 257 1266 (p.
265 1216 299 1260 39)
312 1218 339 1258 R,
355 1217 389 1251 sed
405 1230 446 1251 cum
461 1230 482 1251 eo
498 1218 536 1251 EM
548 1215 621 1269 313011.
635 1215 712 1251 Vindob
723 1220 778 1250 &aab
795 1214 829 1248 tia'b
843 1214 956 1264 »bapti
969 1218 1013 1256 0235
1027 1214 1058 1249 bis

44 1288 64 1313 et
76 1287 178 1326 postquam
192 1271 338 1326 progeminavit
345 1280 437 1322 fructum
446 1280 508 1323 ferit,
523 1273 621 1325 singulum
635 1277 749 1325 centuplum.
781 1269 836 1311 Hier:
857 1286 877 1311 et
891 1285 955 1311 ortum
967 1277 1058 1321 fructum

37 1342 93 1385 fecit
107 1339 221 1387 centuplum.
251 1340 356 1382 Quominus
371 1338 504 1380 concedamus,
519 1339 539 1373 in
551 1340 663 1386 'interpretis
679 1333 746 1373 codice
761 1337 846 1372 additum
867 1338 924 1372 fuisse
939 1351 1009 1379 unum,
1024 1339 1057 1372 ob-

43 1411 83 1442 stat,
98 1400 151 1449 quod
166 1400 207 1435 talis
222 1400 310 1435 lectionis
326 1401 427 1448 vestigium
442 1400 541 1448 ne'que'in
556 1400 625 1434 Latinis
641 1413 706 1447 neque
723 1399 778 1433 etiam
794 1400 814 1432 in
827 1398 905 1433 Graecis
921 1397 979 1432 ullum
993 1399 1023 1440 sit,
1040 1409 1058 1433 et

43 1463 59 1497 si
74 1462 127 1510 origo
145 1462 243 1510 querenda
259 1471 310 1496 esset
325 1461 398 1496 insalsa
414 1460 475 1510 aliqua
484 1461 574 1502 lectione,
591 1460 710 1510 cogitandum
718 1452 834 1508 potiuserit
847 1458 872 1494 de
888 1464 969 1509 φυενεν
980 1459 1055 1495 Graece

43 1536 77 1571 pro
93 1528 146 1570 φυεν
161 1524 244 1570 scripto,
259 1536 327 1557 revera
342 1533 405 1557 autem
419 1522 568 1557 additamentum
587 1535 597 1555 e
616 1521 702 1570 Simplici
717 1520 770 1566 nm
785 1541 810 1565 r»
825 1521 905 1569 petitum
922 1529 954 1555 est.
970 1522 1005 1555 Mt·
1016 1520 1056 1562 4,ss

42 1584 68 1632 (p.
75 1583 111 1627 41)
127 1584 143 1617 R
153 1585 200 1618 etM
215 1585 302 1617 inserunt
317 1584 356 1617 τοῦ
371 1579 502 1632 διαφυλάξαι
515 1594 546 1627 σε,
562 1595 600 1631 quo
614 1583 666 1617 Hier.
682 1591 737 1616 caret.
768 1568 865 1616 Invenitur
879 1582 899 1615 in
911 1581 987 1615 Her-acl.
1005 1587 1055 1616 mar-

41 1646 85 1693 gine
102 1655 120 1679 et
135 1646 155 1678 in
169 1645 234 1692 paucis
250 1644 308 1679 Italae
329 1643 426 1679 codicibus
447 1655 467 1679 ut
480 1631 602 1679 Vercellensi
618 1654 637 1678 et
651 1652 733 1677 assutum
750 1652 778 1677 est
797 1657 819 1677 ex
833 1643 850 1687 ψ
865 1642 890 1678 91
896 1669 901 1684 ,
918 1642 954 1685 11,
969 1651 990 1676 nt
1005 1641 1055 1677 clare

41 1704 124 1740 ostendit
139 1706 239 1754 Aethiops,
252 1707 285 1754 qui
300 1705 375 1753 plenius
386 1705 440 1739 addit
454 1705 475 1740 ἐν
490 1702 570 1745 πάσαις
584 1707 632 1745 ταῖς
645 1699 702 1745 ὁδοῖς
717 1715 762 1739 σου,
791 1705 839 1739 Viro
856 1704 886 1740 Cl.
902 1704 934 1752 qui
955 1704 1056 1738 arbitratur

40 1766 119 1799 verbum
135 1765 180 1799 olim
199 1766 252 1800 etiam
269 1765 321 1814 apud
336 1765 474 1813 Hieronymum
494 1766 566 1801 lectum
584 1766 641 1800 fuisse
661 1775 717 1814 atque
733 1766 750 1800 ei
771 1778 794 1800 ex
814 1766 878 1800 Arabe
899 1765 973 1799 restitui
991 1778 1054 1813 posse,

40 1839 97 1873 quum
113 1826 154 1860 sine
169 1825 202 1861 illo
217 1826 278 1860 hiatus
295 1835 349 1866 esset,
366 1827 496 1861 obiiciendum
513 1838 546 1870 est,
564 1826 648 1862 eundem
662 1827 732 1861 hiatum
749 1827 769 1859 in
784 1827 863 1861 Graecis
879 1839 925 1860 esse.
955 1827 987 1860 Le.
999 1824 1055 1867 2,14

39 1880 110 1933 (Ρ.42)
124 1888 145 1921 R.
161 1900 205 1921 cum
218 1887 271 1921 PEM
286 1881 383 1929 εὐδοκία,
404 1887 455 1921 Hier.
473 1888 548 1923 codices
564 1901 629 1923 omnes
646 1902 686 1922 cum
702 1887 760 1922 Italae
776 1888 863 1923 omnihus
878 1882 976 1936 addendae.
1006 1887 1054 1921 Inde

39 1945 135 1994 colligere,
153 1949 207 1982 etiam
227 1948 345 1997 Hieronymo
367 1947 417 1982 illam
437 1948 541 1985 lectionem
561 1949 700 1984 restituendam
718 1962 770 1989 esse,
790 1962 868 1997 prorsus
883 1949 1002 1982 arbitrarium
1018 1958 1054 1994 est,

39 2020 96 2054 quum
113 2021 135 2041 ea
149 2008 202 2044 nullo
218 2018 266 2043 teste
283 2009 406 2044 confirmetur
420 2022 457 2045 nec
474 2009 565 2058 explicari
580 2011 650 2058 possit,
669 2012 702 2058 qui
722 2010 792 2044 factum
809 2011 833 2044 sit
853 2020 872 2044 ut
890 2010 951 2043 rarior
971 2009 1019 2043 haec
1036 2019 1054 2044 et

37 2067 154 2114 perdifficilis
168 2070 189 2102 in
203 2069 253 2104 illius
268 2064 332 2105 locum
347 2070 368 2104 in
381 2071 468 2105 omnihus
483 2071 514 2105 vel
529 2072 661 2119 antiquissimis
678 2063 776 2106 codicibus
792 2070 910 2106 succederet.
940 2069 1052 2104 Tacendum

37 2138 100 2162 autem
113 2142 152 2163 non
168 2139 201 2171 est,
217 2141 305 2179 tempore
320 2144 358 2179 quo
371 2132 394 2168 V.
403 2131 431 2166 Cl.
444 2146 477 2166 sua
492 2133 570 2181 scripsit
581 2132 666 2166 nondum
675 2133 789 2167 Lucrinum
803 2142 821 2166 et
828 2134 978 2167 Tisernunorru
994 2143 1052 2178 opera

38 2201 126 2223 excussos
142 2189 199 2224 fnisse
218 2201 293 2227 veteres
310 2192 396 2241 vulgatae
413 2191 541 2235 codices‚‘ex
556 2194 624 2242 quibus
643 2206 693 2228 nunc
714 2192 761 2242 quid
776 2192 820 2228 olim
836 2194 855 2226 in
875 2206 895 2227 ea
910 2191 981 2226 lectum
995 2191 1053 2226 fuerit

38 2251 107 2285 certius
122 2250 201 2285 delinire
215 2265 321 2299 possumus.
351 2254 419 2288 Omnia
435 2254 492 2303 igitur
504 2255 552 2290 haec
566 2254 653 2303 exempla
667 2256 730 2302 potius
745 2256 840 2302 probant,
854 2254 913 2288 Arabi
927 2253 1009 2287 Romano
1025 2252 1052 2287 nil

36 2313 65 2346 rei
81 2324 122 2346 esse
139 2324 180 2345 eum
196 2312 320 2362 Hieronymo.

92 2383 113 2438 2)
128 2390 192 2436 Longa
208 2391 267 2424 series
283 2380 313 2425 est
327 2391 424 2434 locorum,
444 2393 477 2441 qui
492 2392 516 2426 ad
532 2406 573 2427 rem
588 2390 708 2439 probandam
723 2390 781 2439 plane
799 2404 837 2425 non
851 2390 918 2425 idonei
932 2391 985 2430 sunt,
1007 2389 1051 2436 quia

37 2450 132 2485 dissensus
149 2448 236 2484 editionis
250 2451 273 2485 R.
288 2466 304 2485 a.
318 2453 338 2486 P.
352 2465 415 2487 eausa.
425 2453 492 2488 eodem
508 2447 586 2502 prorsus
602 2453 643 2487 iure
658 2453 677 2486 in
693 2452 796 2500 archetypo
810 2452 889 2491 Graeco,
904 2460 960 2498 atque
975 2450 995 2483 in
1010 2449 1051 2483 vul-

36 2521 82 2559 gata,
99 2512 166 2560 quaeri
181 2520 248 2559 potest.
279 2513 318 2546 Aut
333 2514 383 2547 enim
399 2510 418 2563 3)
428 2516 485 2549 verba
501 2515 579 2549 Graecis
594 2527 633 2549 non
645 2513 709 2548 ‘minus
721 2512 845 2560 respondent,
861 2525 917 2560 quam
926 2511 1049 2558 Hieronymo,

35 2581 66 2605 aut
79 2570 99 2616 b]
116 2572 198 2607 lectione
212 2573 297 2606 nituntur
313 2585 360 2620 quae
369 2566 482 2623 Hieronymi
498 2575 577 2623 quidem
595 2585 632 2617 est,
647 2573 681 2608 sed
695 2575 750 2609 etiam
765 2573 859 2608 librorum
875 2573 999 2608 Graecorum-

91 2628 109 2677 a)
120 2628 146 2676 la
155 2632 217 2668 wel:
224 2632 334 2682 apudR(et
341 2633 387 2676 EM)
402 2635 496 2677 1113148
514 2636 541 2683 (p.
552 2635 585 2678 25)
594 2649 629 2683 pro
637 2624 808 2685 προβιβασθεῖσὰ
821 2634 845 2668 ad
860 2635 946 2669 Latinum
959 2645 1049 2680 praemo-

36 2689 79 2725 nisit
85 2693 161 2728 referre
169 2695 212 2729 vult.
219 2696 242 2730 V.
249 2694 292 2739 Cl.;‘
309 2693 343 2728 sed
356 2694 517 2743 quemadmodum
530 2698 566 2733 Ies.
579 2696 612 2738 40,
627 2696 658 2733 13.
671 2696 698 2733 14
713 2692 850 2744 συμβιβάξειν
858 2694 947 2729 redditur
957 2692 1047 2728 vocabulo

35 2750 74 2800 05³5,
90 2754 142 2800 quod
156 2755 222 2790 eadem
237 2755 381 2804 suppeditandi,
396 2756 519 2808 suggerendi
533 2760 550 2793 vi
566 2757 616 2806 apud
633 2757 687 2793 Saad.
703 2756 848 2798 Num.23,3.6.
864 2756 937 2804 legitur,
952 2755 976 2788 ita
993 2754 1047 2788 etiam
