2196 3002
535 117 562 153 46

98 220 131 272 Ill.
161 219 261 267 Erpeditis
281 220 396 269 maghribica
417 219 487 254 codicis
502 221 647 269 Franequerani
669 222 742 270 origine
763 233 781 256 et
796 224 881 258 versione
897 224 971 258 ioannis
987 225 1055 273 Hispa-

41 280 98 315 lensis
113 283 157 314 vera
173 291 238 315 tamen
253 294 331 315 manere
348 282 419 328 poterit
435 281 474 315 eius
490 281 615 317 translationis
634 296 689 330 quam
709 282 767 317 editio
780 284 862 318 Romana
876 285 954 319 exbibet
971 299 993 320 ex
1009 287 1054 321 Hie-

41 342 151 390 ronymiaua
165 343 225 390 origo.
255 342 294 377 Sed
307 343 368 390 primo
382 343 418 376 iam
433 343 574 391 aspectu‘haec
584 345 627 378 satis
638 343 770 392 improbabilis
780 343 876 379 videbitur
887 345 1055 388 considerantibus,

42 416 84 436 cum
97 403 181 436 Romana
198 402 280 438 editione
295 403 406 450 saepissime
423 405 526 438 convenire
542 405 679 453 Erpenianam,
696 405 769 453 saepius
786 406 839 439 etiam
855 407 993 449 Maroniticam,
1009 420 1055 455 qua*
1077 414 1079 416 ’

26 472 83 497 ‘rum
98 464 151 512 origo
168 464 265 498 orientalis
284 465 350 512 negari
369 465 442 512 nequit.
472 467 558 513 Augetur
577 465 683 506 dubitatio,
704 467 719 501 si
736 480 757 501 ea
776 480 824 515 quae
839 466 942 514 peculiaria
957 470 1021 503 insunt
1035 470 1054 502 in

41 524 154 572 Hieronymi
169 525 260 565 oratione,
276 524 351 558 reddita
366 538 404 559 non
419 526 546 560 inveniuntur.
576 526 627 570 Quid
643 527 728 576 vulgatae
744 529 802 576 magis
819 529 917 576 proprium
935 542 976 563 csse
991 539 1055 577 potest

41 599 96 633 quam
115 587 169 634 panis
184 585 375 633 supersubstantialis
390 586 450 628 Mtss,
461 587 499 622 ΠΡ
519 589 556 621 Pro
571 586 679 623 ἐπιούσιον
695 599 758 623 autem
772 591 792 623 in
807 589 836 623 ed.
849 590 903 624 Rom.
919 584 948 637 (et
959 591 1010 624 in-E.
1020 590 1054 634 M.)

42 656 71 680 est
91 644 145 678 usus
166 641 212 697 13)·ςό
228 648 286 694 panis
307 646 362 680 nobis
380 647 478 693 sufficiens
493 648 523 682 vel
536 651 658 682 necessarius
673 650 726 697 quod
745 650 840 698 Simplicis
859 651 1013 698 interpretationi
1032 652 1053 684 ab

39 706 73 741 Ar.
89 709 140 755 Lips.
158 707 226 741 eodem
247 720 304 742 seusu
323 703 376 752 &fili
385 710 426 759 ρ
444 709 533 743 redditae
552 709 672 756 respondet,
692 724 731 745 uon
751 720 811 745 autem
831 711 858 746 illi
877 710 969 746 vocabulo
990 725 1054 759 neque

40 768 168 817 quotidiano,
185 768 238 816 quod
251 768 300 816 apud
317 770 387 803 Lucam
408 771 427 803 in
440 770 513 819 vulgata
527 770 597 804 lectum
613 784 636 805 ex
651 771 697 806 Itala
714 773 733 804 in
748 785 782 805 usu
797 771 884 821 liturgico
903 773 994 820 frequens
1010 781 1054 805 erat.

40 830 61 863 P.
77 840 159 877 utroque
180 829 223 863 loco
245 843 254 863 e
275 830 398 877 Memphitica
418 831 544 879 interpolatus
565 841 605 873 est,
627 845 685 879 quum
701 832 751 880 apud
767 834 801 867 Mt.
816 835 936 875 crastinum,
951 833 1001 881 apud
1021 834 1053 867 Lc.

41 892 151 924 venientem
168 890 266 934 exhibeam
286 890 340 924 aliam
360 890 507 939 explicationem
521 894 603 941 praebet
619 893 661 928 cod.
677 893 730 928 Bodl.
745 894 782 928 XV
797 907 825 941 ap.
841 893 910 928 Nicoll.
926 908 945 941 p.
962 894 987 930 19
1003 891 1053 943 ,abili

40 945 101 998 lissj?
116 950 241 984 substantiae
255 960 336 985 nostrae
355 955 508 987 convenientem.
521 972 547 991 ,-
563 955 599 987 Mr.
613 954 645 995 14,
657 953 683 990 32
698 952 775 1002 χώρων
790 964 865 988 vertunt
884 955 903 988 P.
916 956 961 995 ἀῶ
976 968 1051 1002 agrum,

39 1013 65 1046 M.
81 1014 118 1060 1335?
134 1012 198 1045 villam
213 1012 265 1045 Hier.
278 1012 386 1060 praedium,
401 1024 419 1047 at
426 1014 446 1047 R.
455 1023 474 1048 et
482 1016 507 1049 M.
522 1022 573 1065 ἕῳ
588 1015 656 1049 locum.
676 1015 696 1050 Si
711 1029 779 1049 revera
795 1007 910 1050 recensionis
925 1016 978 1050 Rom.
989 1025 1055 1050 auctor

40 1073 178 1121 Hieronymum
193 1072 277 1106 adbibita
292 1074 312 1106 Ρ.
328 1074 420 1109 Arabicae
436 1075 568 1109 consuetudini
584 1076 668 1117 tradidit,
684 1077 717 1124 qui
729 1076 772 1110 fieri
787 1077 852 1123 potuit,
868 1087 888 1110 ut
904 1077 934 1111 bic
950 1078 1009 1111 veteri
1021 1090 1053 1111 vo-

40 1134 107 1170 cabulo
121 1136 179 1177 3525,
200 1134 253 1183 quod
271 1136 314 1169 satis
332 1135 439 1182 respondet
450 1135 546 1184 praedio,
566 1149 634 1171 novum
651 1137 710 1185 idque
727 1138 749 1171 ab
765 1137 877 1185 Hieronymi
897 1147 960 1172 mente
975 1150 1053 1185 prorsus

38 1196 132 1242 alienum,
145 1195 198 1244 quod
215 1209 224 1230 e
240 1195 327 1244 Simplici
347 1205 408 1230 ortum
426 1196 502 1232 duxisse
521 1211 578 1245 supra
598 1197 767 1232 demonstravimus
783 1212 801 1246 p.
812 1197 848 1239 29,
865 1199 998 1239 substitueret,
1014 1198 1053 1232 illic

37 1259 109 1292 reiecta
125 1271 152 1298 ea,
167 1271 215 1306 quae
228 1258 273 1291 inP.
286 1267 319 1298 est,
332 1270 371 1291 non
378 1258 550 1306 Hieronymianam,
567 1258 601 1292 sed
617 1271 695 1306 prorsus
711 1259 805 1293 diversam
821 1273 900 1307 eamque
914 1245 934 1293 et
949 1260 1009 1307 ipsam
1019 1260 1054 1307 Sy-

37 1320 108 1353 riacam
121 1320 301 1366 interpretationem
315 1318 429 1353 induceret?

95 1393 157 1426 Locos
175 1391 257 1441 singulos
275 1391 300 1425 ad
319 1391 450 1425 stabiliendam
467 1393 594 1426 coniecturam
615 1390 681 1425 allatos
701 1391 823 1424 examinaturi
842 1400 902 1425 certas
923 1392 1052 1426 constituimus

38 1453 112 1494 classes,
131 1466 196 1487 eorum
212 1452 232 1496 1)
250 1454 282 1501 qui
297 1463 369 1487 tantum
384 1453 438 1486 abest
449 1462 470 1486 ut
483 1453 512 1486 rei
526 1451 584 1485 fidem
601 1451 683 1492 faciant,
699 1461 719 1485 ut
734 1452 759 1502 ad
771 1452 924 1500 redarguendum
941 1454 999 1502 magis
1015 1454 1053 1500 apti

39 1516 81 1556 sint,
98 1513 117 1556 2)
133 1527 205 1555 eorum,
222 1515 255 1562 qui
268 1513 292 1547 ad
307 1523 393 1548 neutram
408 1523 482 1561 partem
498 1512 564 1554 valent,
581 1511 602 1555 3)
616 1525 682 1547 eorum
698 1514 766 1560 quibus
783 1526 820 1547 non
835 1513 962 1548 abiudicauda
978 1523 1006 1548 est
1020 1528 1053 1547 au-

39 1576 121 1610 ctoritas.

94 1647 115 1691 1)
130 1647 161 1681 Ad
176 1648 259 1695 primum
274 1660 333 1694 genus
348 1647 411 1681 refero
427 1646 491 1688 locos,
507 1648 525 1680 in
541 1646 610 1694 quibus
626 1645 730 1680 discrimen
749 1645 826 1693 quidem
839 1660 847 1679 a
861 1646 924 1680 verbis
941 1646 1053 1692 Hieronymi

37 1711 57 1743 in
73 1709 160 1743 confesso
176 1719 216 1748 est,
232 1707 266 1742 scd
281 1708 382 1755 suscipitur
400 1708 429 1742 vel
448 1707 466 1752 a)
483 1716 576 1741 auctorem
596 1720 664 1754 parum
685 1707 721 1741 sibi
743 1716 857 1740 constantem
878 1720 900 1740 ex
915 1708 935 1741 P.
951 1708 1052 1741 retinuisse

38 1784 85 1818 quae
98 1771 166 1804 mutari
182 1768 278 1803 deberent
288 1768 318 1802 vel
333 1763 354 1817 b)
371 1768 456 1803 codicem
466 1769 634 1815 Hieronymianum
650 1768 707 1802 fuisse
722 1767 856 1815 interpolatum
873 1768 953 1801 maxime
970 1767 1052 1809 critola,

36 1830 67 1865 vel
84 1829 101 1874 c)
119 1831 174 1864 etiam
190 1830 283 1878 vulgatam
299 1839 382 1864 nostram
393 1843 415 1863 ex
426 1829 546 1864 translatione
555 1829 642 1870 Arabica,
658 1829 689 1862 uhi
705 1841 744 1863 non
753 1828 861 1869 concordet,
879 1827 977 1862 emendari
990 1841 1051 1875 posse.

93 1903 110 1948 a)
126 1904 167 1938 Huc
181 1904 276 1951 pertinent
288 1902 331 1944 loci,
346 1904 366 1936 in
375 1904 442 1951 quibus
456 1906 536 1951 quatuor
551 1903 645 1937 editiones
661 1904 782 1937 consentiunt
797 1912 815 1936 et
830 1916 873 1937 cum
881 1902 997 1950 Hieronymo
1011 1901 1050 1936 dis-

37 1975 127 2013 crepant,
144 1964 210 2012 quales
227 1974 269 1998 sunt
284 1965 318 1997 Mt.
327 1962 358 2004 22,
367 1964 386 1999 4.
395 1963 426 2005 23,
439 1963 471 2000 24·
487 1966 523 1999 Mr.
535 1963 587 2005 &19
603 1958 630 2011 (p.
640 1962 672 2005 29,
681 1963 715 2008 30)
730 1964 755 1998 Io.
766 1962 785 2004 3,
794 1962 820 1999 20
836 1963 862 2011 (p.
872 1963 909 2003 443
924 1963 982 1996 verba
999 1962 1049 2010 apud

36 2027 119 2060 Arabem
136 2025 200 2059 addita
216 2027 235 2058 in
252 2024 308 2058 codd.
319 2024 351 2057 Gr.
363 2026 438 2059 circiter
453 2025 562 2073 quindecim
578 2035 596 2058 et
610 2026 730 2059 versionibus
739 2024 834 2058 nonnullis
848 2023 951 2070 leguntur).
972 2022 1050 2072 Singula

36 2086 144 2134 disceptare
161 2085 289 2134 supersedeo,
304 2094 322 2118 at
337 2085 386 2119 facili
398 2087 473 2134 negotio
489 2086 542 2120 multi
558 2085 589 2119 alii
604 2085 649 2119 addi
665 2096 749 2133 possunt.
779 2085 849 2119 Omnes
866 2085 937 2118 Arabes
952 2086 989 2120 ΜΓ.
1000 2084 1050 2125 9,10

35 2148 108 2181 hahent
121 2144 148 2181 τὸ
163 2147 288 2191 ἀναστῆναι,
305 2146 357 2181 Hier.
369 2142 420 2182 ὅταν
435 2159 451 2183 κ,
466 2135 490 2181 τ.Ι
501 2146 527 2192 λ.7
541 2145 638 2188 Mem
654 2146 713 2186 λίθος
728 2145 813 2192 poliendo
829 2145 880 2179 Hier.
889 2145 940 2179 mola
955 2147 1049 2186 asinaria,

35 2209 80 2243 Luc.
90 2207 128 2248 8,6
145 2220 180 2255 pro
196 2205 257 2252 ἰκμάς
271 2209 307 2257 ij
320 2215 387 2249 terra,
402 2208 452 2241 Hier.
468 2217 521 2243 recte
536 2208 609 2241 humor.
639 2208 699 2242 Etiam
718 2207 757 2241 sola
772 2207 794 2240 R.
810 2220 819 2239 a
835 2206 884 2240 Hier.
900 2205 985 2247 recedit,
1005 2206 1049 2240 dum

36 2283 78 2305 cum
94 2281 116 2303 eo
129 2269 199 2302 faciunt
212 2267 299 2315 reliquae
316 2267 417 2302 editiones:
430 2270 464 2303 Mt.
477 2268 494 2310 9,
505 2267 530 2303 21
547 2268 573 2316 (p.
587 2267 622 2312 19)
644 2269 683 2303 τοῦ
699 2262 786 2314 ἱματίου
801 2265 867 2301 αὐτοῦ
882 2268 954 2301 habent
970 2268 1049 2315 Hieron.

35 2325 111 2379 EM(P),
127 2342 163 2364 om.
179 2329 199 2365 R.
215 2331 249 2363 Mt.
256 2328 273 2370 9,
282 2327 308 2364 25
324 2323 351 2376 (p.
363 2328 397 2373 21)
413 2344 462 2377 quae
475 2331 495 2364 R.
508 2329 561 2363 addit
577 2338 597 2362 et
611 2330 663 2363 dixit
678 2342 737 2376 surge
748 2328 813 2376 puella
828 2328 897 2363 desunt
912 2342 942 2376 ap.
962 2329 1013 2363 Hier.
1032 2336 1049 2360 et

34 2392 53 2425 in
70 2392 131 2425 PEM.
146 2392 179 2425 Lc.
189 2389 206 2431 2,
217 2389 243 2425 37
260 2389 285 2437 (p.
294 2387 335 2433 35.)
350 2385 384 2430 ἕως
399 2391 470 2426 habent
483 2393 503 2425 P.
519 2400 537 2425 et
551 2391 605 2426 Hier.
615 2392 695 2439 (usqum
709 2403 812 2438 perperam
826 2390 849 2426 V.
867 2389 896 2425 CI.
911 2390 1049 2435 Hieronymum

35 2454 71 2486 hoc
87 2465 126 2486 non
141 2452 236 2499 praebere
253 2452 287 2494 ait,
302 2453 400 2499 reperitur
415 2453 434 2485 in
453 2453 560 2492 Amiatinc,
579 2452 630 2499 apud
651 2452 792 2486 Lachmannum
813 2461 831 2485 et
849 2453 869 2485 in
885 2444 978 2497 Sintina),
996 2448 1050 2482 REM

35 2514 123 2547 omittunt
139 2526 181 2546 cum
196 2514 214 2547 D
230 2512 270 2546 aliis
286 2511 315 2545 vel
330 2511 355 2552 ὡς
370 2512 463 2561 legerunt.
480 2515 513 2547 Mt.
527 2512 545 2554 1,
558 2511 584 2549 20
604 2510 643 2552 τὴν
661 2514 749 2559 γυναῖκα
763 2513 782 2545 Ρ.
799 2511 863 2546 reddit
877 2509 935 2560 0<Ei5r=
951 2509 1048 2543 mulierem

33 2583 96 2615 tuam,
111 2574 126 2607 R
142 2587 184 2607 cum
199 2573 238 2607 EM
250 2570 343 2613 ύϊζῄὲκὸ,
359 2573 412 2621 quod
426 2573 454 2607 ilii
467 2575 587 2608 substitutum
602 2584 666 2621 putat,
682 2584 702 2608 ut
717 2574 821 2608 accuratius
837 2574 921 2612 coniux,
938 2583 975 2618 quo
990 2571 1048 2605 verbo

33 2635 161 2682 Hieronymus
175 2635 238 2674 utitur,
253 2635 398 2682 exprimeretur.
420 2635 444 2668 At
459 2634 569 2669 vocabulum
584 2647 623 2669 non
639 2636 738 2683 coniugem
755 2633 857 2682 significat,
878 2631 911 2666 sed
928 2645 937 2665 e
955 2634 1048 2668 contrario

34 2710 76 2731 eam
93 2709 141 2744 quae
157 2695 177 2728 in
193 2696 300 2743 coniugium
315 2696 392 2743 petitur,
410 2704 427 2728 et
441 2708 509 2742 sponsa
524 2709 587 2743 neque
602 2709 646 2730 vere
662 2697 730 2730 coniux
746 2705 780 2729 est.
811 2694 837 2726 [ta
848 2692 918 2726 Farhat
932 2693 952 2726 in
960 2693 1049 2741 Epitome*

33 2757 109 2801 otmar
125 2754 196 2791 unsar.
214 2754 267 2791 1849
284 2755 343 2790 etita:
365 2756 389 2787 ur
402 2752 418 2788 n
435 2754 502 2797 msc.
522 2750 587 2802 ‚aaut
601 2770 655 2805 ,cf
670 2754 738 2798 ...ts
752 2750 782 2803 „r
797 2750 826 2784 nr
840 2759 899 2797 cau.
914 2749 955 2796 cat
969 2744 1044 2798 Q,
