2196 3002
458 380 715 424 Prooemium.

133 539 221 589 Pagellae
237 541 272 573 hae
286 540 335 587 typis
352 551 454 587 expressae
473 539 510 571 iam
530 537 607 571 fuerunt
627 538 703 570 ineunte
722 548 771 570 annu
787 534 878 571 1862-et
893 545 996 583 antequam
1016 536 1092 569 nuntius

78 606 115 641 huc
123 605 221 640 adveniret
230 604 254 638 de
263 605 362 638 immaturo
372 604 483 637 Jnxneottu
499 603 556 643 obitu,
571 603 606 636 viri
618 601 697 635 multum
706 600 815 642 desiderati,
828 599 1009 648 quintipsedeiis‚
1023 601 1092 648 quihus

78 673 117 706 eius
132 654 244 713 sententiam
259 671 375 718 impugnavi,
391 668 486 703 iudicaret
498 670 577 702 maxime
593 677 706 715 optaveram.
730 667 785 701 Nunc
795 679 853 714 quum
864 665 1049 713 publiciiurisfiant,
1061 679 1091 700 eas

36 752 37 755 ¹
79 736 110 771 edi
126 750 164 771 non
178 735 225 769 licet
237 735 273 768 ni'si
288 733 391 781 praemissa
406 733 459 766 brevi
473 734 584 767 recensione
601 745 672 773 eorum,
693 745 741 779 qnae
755 732 829 765 interea
845 730 869 764 de
887 730 959 764 eisdem
974 732 1090 779 argumentis

78 812 110 836 aut
123 814 170 835 nova
186 799 260 848 prolata
276 809 307 832 aut
323 799 428 846 disceptata
442 806 489 831 sunt.
505 798 532 831 Ac
545 799 608 845 primo
621 797 700 846 quidem
714 796 901 831 commemorandum
916 807 949 838 est,
964 797 1022 844 primi
1035 809 1091 829 evan-

78 865 123 915 gelii
138 867 158 898 in
174 864 240 900 codice
257 863 349 898 Nitriensi
365 862 444 903 titulum,
460 862 484 896 de
501 875 538 910 quo
551 861 572 909 p.
583 861 664 899 10—-13
681 863 716 909 egi,
732 875 742 895 a
757 863 831 896 Lanmo
847 862 867 895 in
882 859 992 916 Aneodotis
1002 860 1091 908 Syriacis

77 929 192 965 1131862
208 930 216 962 l
231 928 293 963 tate
309 928 426 962 delineatum
441 941 491 962 nunc
505 929 588 961 omnium
603 927 749 962 considerationi
766 940 806 961 esse
824 927 942 973 permissum.
966 927 994 960 Ex
1008 927 1090 974 imagine

77 996 112 1029 hae
128 997 164 1029 iam
180 1004 257 1035 constat,
278 994 298 1028 id
315 994 368 1042 quod
382 994 405 1028 V.
420 993 447 1027 Cl.
463 994 556 1027 Eurinus
576 994 618 1039 ipso
640 992 707 1027 codice
722 993 811 1039 inspecto
828 990 891 1027 GGA
904 990 957 1027 1863
970 990 1040 1040 522}th
1058 1005 1090 1026 ex-

77 1070 171 1108 posuerat,
185 1062 228 1095 vitio
244 1060 283 1101 illo,
299 1060 324 1093 de
340 1072 377 1107 que
393 1073 416 1093 cx
432 1059 533 1093 Curetonis
549 1058 679 1106 descriptione
698 1067 753 1091 recte
773 1056 854 1090 iudicari
871 1070 910 1091 non
929 1066 1009 1104 poterat,
1030 1070 1089 1091 mem-

77 1127 155 1160 branam
172 1140 214 1160 esse
230 1125 313 1159 affectam
329 1134 372 1173 post
386 1125 499 1171 scripturam
514 1123 619 1158 absolutam
635 1136 699 1171 neque
714 1124 766 1156 inter
777 1122 900 1156 vocesfuisse
913 1121 1039 1164 intervallum,
1054 1122 1089 1156 sed

67 1179 170 1233 decimam,
193 1204 240 1239 qnae
259 1204 310 1224 nunc
330 1199 416 1238 apparet,
437 1189 529 1236 expletam
550 1189 607 1223 fuisse
626 1187 704 1221 dimidia
723 1187 780 1221 litera
800 1186 838 1221 olai
858 1197 877 1221 et
895 1198 966 1235 puncto
982 1182 1031 1221 intel·
1045 1188 1090 1222 bina

78 1256 127 1291 tituli
142 1255 234 1291 vocabula
249 1255 336 1296 solemni,
351 1257 375 1289 ita
390 1253 512 1288 ut-lihrarius
524 1253 547 1287 de
557 1254 634 1288 nomine
643 1253 735 1287 Matthaei
749 1267 760 1286 a
775 1252 854 1301 reliquis
870 1252 997 1301 disiungcndo
1013 1254 1089 1287 omnino

77 1334 115 1355 non
132 1321 246 1368 cogitaverit.
258 1340 282 1345 -
292 1321 322 1354 De
336 1304 413 1353 nomine
428 1315 479 1370 &jas
494 1317 591 1352 vocalibus
606 1318 719 1353 instruendo
734 1311 822 1352 breviter
836 1317 871 1351 sed
886 1331 930 1352 vera
942 1331 991 1365 quae
1005 1330 1090 1351 momen-

77 1397 115 1421 tum
124 1387 167 1421 facit
175 1388 248 1420 ratione
257 1395 311 1420 recte
320 1395 423 1433 perspecta
432 1383 487 1418 modo
498 1384 536 1431 egit
552 1382 580 1417 Cl.
591 1383 674 1418 Semnan
688 1384 726 1417 Die
733 1382 862 1418 llffasaziliten
876 1384 924 1431 Lpz.
933 1381 987 1419 1865
995 1381 1055 1430 μ’24.
1062 1400 1090 1408 »-

76 1448 105 1486 De
120 1452 208 1485 versione
223 1450 304 1484 Arabica
320 1449 392 1497 vulgata
409 1448 476 1496 plures
491 1449 605 1482 exstiterunt
619 1449 652 1496 qui
665 1448 788 1483 dissererent.
809 1450 880 1483 Contra
888 1448 970 1497 Auglum
986 1448 1089 1496 quendam,

77 1517 110 1564 qui
124 1515 229 1564 Juynhollii
245 1529 301 1563 quam
316 1516 383 1550 inscite
398 1515 475 1562 putabat
490 1509 608 1561 opinionem,
626 1512 677 1547 illam
697 1527 706 1547 e
722 1514 788 1546 Latina
809 1522 869 1547 ortam
889 1522 908 1546 et
923 1522 990 1560 postea
1011 1512 1035 1546 ad
1049 1515 1089 1560 ipsa

77 1583 152 1617 Graeca
168 1582 226 1616 verba
235 1580 368 1629 interpolatam
384 1593 431 1622 esse,
446 1579 503 1627 paulo
514 1578 618 1626 procacius
633 1577 744 1620 venditarat,
761 1577 886 1614 ClLaPaen
896 1578 973 1612 Rarovr
988 1579 1008 1611 in
1021 1578 1088 1613 libello

76 1647 96 1682 A
104 1650 151 1693 few
165 1647 231 1682 words
251 1659 277 1680 on
297 1647 329 1680 tlte
350 1645 446 1694 supposed
463 1646 524 1679 Latin
543 1645 610 1690 origin
631 1644 657 1688 of
673 1643 706 1677 tlte
720 1641 795 1678 Arabio
816 1646 892 1678 version
911 1645 938 1688 of
949 1643 981 1677 tlte
998 1643 1087 1692 Gospels.

76 1714 135 1748 From
150 1713 183 1747 tlte
197 1711 286 1747 Atlantis
301 1713 336 1747 vol.
345 1712 376 1747 IV.
391 1710 454 1746 Lonat
462 1708 522 1746 1863.
532 1709 550 1746 8.
558 1707 628 1756 pati.
642 1707 698 1743 docte
715 1708 823 1756 disputavit,
837 1709 862 1743 ita
874 1718 936 1743 tamen
948 1719 968 1743 ut
979 1722 1018 1743 non
1028 1710 1087 1757 ipsam

76 1777 180 1826 Juynbollii
193 1778 308 1818 senteutiam,
325 1790 349 1811 ex
365 1791 401 1825 qua
416 1777 496 1810 Ioannes
505 1777 622 1824 Hispalensis
638 1779 763 1825 antiquiorem
780 1792 858 1826 eamque
867 1778 1017 1827 Polyglottorum
1029 1789 1088 1814 trans-

76 1843 165 1878 lationem
183 1857 193 1878 c
209 1844 283 1878 Graeco
299 1843 366 1877 factam
382 1842 406 1876 ad
421 1843 505 1876 Latinam
522 1843 649 1878 conformasse
666 1843 740 1885 dicitur,
756 1853 847 1891 tangeret,
868 1844 903 1878 sed
919 1844 1019 1891 Graecam,
1039 1858 1087 1892 quae

77 1908 148 1942 dudum
165 1909 269 1948 constabat,
285 1909 378 1956 originem
393 1908 484 1956 exemplis
500 1910 599 1942 maximam
615 1919 687 1956 partem
702 1910 753 1943 bene
769 1909 844 1943 selectis
860 1909 923 1944 denuo
939 1908 1088 1954 demonstrare&

75 1986 114 2007 non
133 1984 196 2008 tamen
215 1975 276 2007 omnia
297 1975 335 2007 eius
356 1984 465 2021 argumenta
485 1987 546 2021 aeque
563 1974 627 2008 valent
641 1988 705 2022 neque
722 1976 766 2009 satis
781 1976 867 2022 respexit
882 1989 957 2023 magnas
972 1975 1023 2009 inter
1038 1977 1088 2010 varia

77 2039 191 2086 exemplaria
207 2039 351 2086 discrepantias,
369 2053 422 2087 quae,
437 2039 513 2073 utillius
523 2041 615 2074 versionis
626 2054 667 2074 usus
682 2041 757 2075 criticus
773 2049 824 2075 nunc
837 2040 901 2074 saltem
917 2054 984 2075 revera
999 2041 1088 2075 minimus

38 2126 40 2130 .
76 2105 104 2145 sit,
119 2105 208 2139 efficiunt.
230 2106 314 2139 Maxime
330 2115 391 2139 autem
407 2118 453 2147 mea,
468 2119 516 2154 quae
533 2105 557 2139 de
573 2106 610 2139 hoc
626 2116 736 2154 argumento
754 2107 839 2154 exposui,
855 2107 947 2155 attingunt
962 2119 983 2139 ea
1000 2120 1049 2154 quae
1065 2107 1088 2139 V.

76 2166 103 2202 Cl.
113 2168 218 2202 Laonnmus
234 2168 318 2216 protulit,
335 2183 393 2216 quum
407 2183 470 2217 nuper
486 2169 573 2205 codicem
582 2170 753 2206 vindobonensem
766 2172 787 2205 in
802 2172 839 2206 hoe
855 2171 946 2219 opusculo
962 2171 1014 2205 haud
1028 2171 1089 2206 semel

75 2244 241 2268 commemoratum
263 2236 409 2276 accuratissime,
429 2245 449 2269 ut
466 2235 519 2277 solet,
539 2246 557 2269 et
576 2236 727 2271 emendatissime
747 2237 816 2271 ederet
836 2237 882 2282 (Die
903 2240 944 2271 vier
963 2237 1087 2284 Evangelien

76 2296 165 2331 arabisclt
180 2310 215 2330 aus
229 2297 265 2331 der
282 2300 365 2333 Wiener
379 2297 515 2345 Handscltrift
529 2301 693 2349 lterausgegeben.
714 2302 761 2349 [ιρι.
776 2301 836 2338 1864-
852 2301 878 2346 8)-
908 2302 956 2335 Eum
976 2315 1015 2336 110ss
1034 2301 1088 2336 latuit

74 2362 143 2397 librum
158 2362 328 2411 Franequeranum
347 2359 419 2412 (pdd)
438 2379 447 2399 e
467 2365 551 2400 Romano
573 2381 615 2402 esse
637 2367 754 2415 descriptum
770 2377 834 2416 atque,
855 2367 907 2415 quod
928 2368 971 2415 ipse
990 2368 1027 2401 iam
1044 2376 1086 2401 ante

75 2442 143 2462 antium
159 2426 212 2464 1859
228 2438 272 2475 post
286 2428 332 2463 alios
348 2430 503 2478 significaveram,
519 2431 661 2479 explodendam
678 2445 718 2465 esse
734 2441 791 2465 totam
809 2430 833 2465 de
848 2431 919 2465 Ioanne
935 2431 1045 2479 Hispalensi
1059 2431 1087 2465 fa-

73 2492 144 2527 bulam.
164 2493 273 2526 Editionem
290 2493 391 2541 Copticam
406 2495 506 2529 Arabicam
521 2510 530 2529 a
546 2498 633 2530 Tattamo
649 2506 668 2530 et
684 2496 781 2531 Curetone
797 2492 868 2544 (neque
884 2497 904 2530 ui
918 2495 974 2531 fallor
989 2497 1028 2530 sine
1042 2497 1086 2530 JRT

72 2558 150 2593 Liederi
164 2559 246 2602 Qahirae
263 2557 350 2606 degentis
369 2559 447 2594 consilio
464 2571 482 2595 et
497 2556 574 2610 auxilio)
590 2561 720 2598 Lond.1847.
737 2572 826 2603 curatam,
849 2562 873 2596 de
892 2576 928 2610 qua
948 2563 1028 2596 verbum
1048 2561 1087 2595 dixi

73 2638 92 2671 p-
102 2624 170 2660 43inf.
187 2619 213 2669 (in
229 2624 352 2676 sequentihus
369 2624 415 2673 siglo
432 2627 448 2659 T
463 2624 574 2672 notabitur),
591 2641 626 2674 per
640 2627 745 2676 Anglerum
760 2627 826 2661 literas
842 2627 922 2662 edoctus
937 2627 994 2662 tradit
1008 2641 1031 2661 ex
1047 2627 1087 2661 edi-

72 2690 123 2723 tione
139 2690 248 2724 Shuairensi
263 2690 305 2723 anni
320 2687 374 2725 1776
390 2700 483 2738 sumptam
500 2704 548 2732 esse,
563 2692 588 2726 ita
604 2702 667 2727 tamen
688 2703 707 2727 ut
729 2706 751 2727 ex
772 2692 808 2727 alio
830 2693 919 2741 exemplo
939 2707 995 2727 manu
1014 2694 1084 2740 scripto

72 2754 124 2801 apud
140 2756 244 2803 Coptorum
260 2755 385 2802 patriarcham
400 2766 498 2798 asservato,
512 2757 544 2790 ubi
559 2757 597 2792 hoc
613 2759 676 2792 verbis
691 2759 776 2806 Coptieis
793 2759 849 2807 magis
865 2758 999 2806 responderet,
1015 2767 1085 2791 mutata

74 2830 130 2854 esset.
161 2822 223 2869 Atque
238 2821 276 2855 hoc
291 2820 365 2866 saltem,
380 2834 438 2869 quum
451 2823 487 2856 iam
502 2823 545 2871 ipse
560 2821 611 2857 libro
627 2832 674 2864 utar,
690 2824 804 2858 confirmare
820 2836 905 2871 possum:
928 2836 970 2858 eum
989 2823 1085 2870 praebere
