<?xml version="1.0" encoding="UTF-8"?>
<!DOCTYPE html PUBLIC "-//W3C//DTD XHTML 1.0 Transitional//EN"
    "http://www.w3.org/TR/xhtml1/DTD/xhtml1-transitional.dtd">
<html xmlns="http://www.w3.org/1999/xhtml" xml:lang="en" lang="en">
 <head>
  <title>
</title>
<meta http-equiv="Content-Type" content="text/html;charset=utf-8" />
  <meta name='ocr-system' content='tesseract 3.04.00' />
  <meta name='ocr-capabilities' content='ocr_page ocr_carea ocr_par ocr_line ocrx_word'/>
</head>
<body>
  <div class='ocr_page' id='page_1' title='image "./MN41423ucmf_4_0074.png"; bbox 0 0 2196 3002; ppageno 0'>
   <div class='ocr_carea' id='block_1_1' title="bbox 565 175 593 211">
    <p class='ocr_par' dir='ltr' id='par_1_1' title="bbox 565 175 593 211">
     <span class='ocr_line' id='line_1_1' title="bbox 565 175 593 211; baseline 0 0"><span class='ocrx_word' id='word_1_1' title='bbox 565 175 593 211; x_wconf 91' lang='lat'>44</span> 
     </span>
    </p>
   </div>
   <div class='ocr_carea' id='block_1_2' title="bbox 70 278 1087 937">
    <p class='ocr_par' dir='ltr' id='par_1_2' title="bbox 70 278 1087 937">
     <span class='ocr_line' id='line_1_2' title="bbox 72 278 1087 327; baseline -0.004 -10"><span class='ocrx_word' id='word_1_2' title='bbox 72 280 220 317; x_wconf 78' lang='lat' dir='ltr'>Amstelaedami</span> <span class='ocrx_word' id='word_1_3' title='bbox 234 293 284 315; x_wconf 85' lang='lat' dir='ltr'>anno</span> <span class='ocrx_word' id='word_1_4' title='bbox 301 280 355 317; x_wconf 88' lang='grc'><strong>1610</strong></span> <span class='ocrx_word' id='word_1_5' title='bbox 369 294 380 314; x_wconf 87' lang='grc'>1</span> <span class='ocrx_word' id='word_1_6' title='bbox 393 280 455 314; x_wconf 87' lang='lat' dir='ltr'>scriba</span> <span class='ocrx_word' id='word_1_7' title='bbox 470 288 490 312; x_wconf 91' lang='grc'>01</span> <span class='ocrx_word' id='word_1_8' title='bbox 506 289 618 327; x_wconf 87' lang='lat' dir='ltr'>putattunc</span> <span class='ocrx_word' id='word_1_9' title='bbox 633 278 731 320; x_wconf 80' lang='lat' dir='ltr'><strong>Iudaicis,</strong></span> <span class='ocrx_word' id='word_1_10' title='bbox 746 278 791 314; x_wconf 89' lang='lat' dir='ltr'>olim</span> <span class='ocrx_word' id='word_1_11' title='bbox 806 288 870 314; x_wconf 90' lang='lat' dir='ltr'>autem</span> <span class='ocrx_word' id='word_1_12' title='bbox 884 278 1041 314; x_wconf 88' lang='lat' dir='ltr'>Muhammadicis</span> <span class='ocrx_word' id='word_1_13' title='bbox 1053 292 1087 327; x_wconf 87' lang='grc'>51-</span> 
     </span>
     <span class='ocr_line' id='line_1_3' title="bbox 72 339 1087 389; baseline -0.003 -11"><span class='ocrx_word' id='word_1_14' title='bbox 72 346 108 379; x_wconf 85' lang='grc'><strong>0115</strong></span> <span class='ocrx_word' id='word_1_15' title='bbox 123 341 200 377; x_wconf 84' lang='lat' dir='ltr'>addicto</span> <span class='ocrx_word' id='word_1_16' title='bbox 216 351 234 375; x_wconf 92' lang='lat' dir='ltr'>et</span> <span class='ocrx_word' id='word_1_17' title='bbox 249 341 381 376; x_wconf 86' lang='lat' dir='ltr'>mauretanicis</span> <span class='ocrx_word' id='word_1_18' title='bbox 397 339 475 388; x_wconf 88' lang='lat' dir='ltr'>quidem</span> <span class='ocrx_word' id='word_1_19' title='bbox 489 339 558 381; x_wconf 87' lang='lat' dir='ltr'>literis,</span> <span class='ocrx_word' id='word_1_20' title='bbox 573 340 608 375; x_wconf 91' lang='lat' dir='ltr'>sed</span> <span class='ocrx_word' id='word_1_21' title='bbox 623 342 647 375; x_wconf 87' lang='lat' dir='ltr'>ita</span> <span class='ocrx_word' id='word_1_22' title='bbox 662 350 683 375; x_wconf 92' lang='lat' dir='ltr'>ut</span> <span class='ocrx_word' id='word_1_23' title='bbox 696 342 719 375; x_wconf 67' lang='grc' dir='ltr'>ω’</span> <span class='ocrx_word' id='word_1_24' title='bbox 735 350 753 374; x_wconf 90' lang='grc'>01</span> <span class='ocrx_word' id='word_1_25' title='bbox 768 353 789 383; x_wconf 59' lang='lat' dir='ltr'>„j</span> <span class='ocrx_word' id='word_1_26' title='bbox 803 339 900 389; x_wconf 77' lang='lat' dir='ltr'>vulgarem</span> <span class='ocrx_word' id='word_1_27' title='bbox 914 341 989 389; x_wconf 86' lang='lat' dir='ltr'>apicum</span> <span class='ocrx_word' id='word_1_28' title='bbox 1004 339 1087 389; x_wconf 89' lang='lat' dir='ltr'>disposi-</span> 
     </span>
     <span class='ocr_line' id='line_1_4' title="bbox 71 400 1086 451; baseline -0.003 -13"><span class='ocrx_word' id='word_1_29' title='bbox 71 405 141 439; x_wconf 87' lang='lat' dir='ltr'>tionem</span> <span class='ocrx_word' id='word_1_30' title='bbox 157 402 268 444; x_wconf 73' lang='lat' dir='ltr'>retinerent,</span> <span class='ocrx_word' id='word_1_31' title='bbox 286 403 360 437; x_wconf 83' lang='lat' dir='ltr'>exarati.</span> <span class='ocrx_word' id='word_1_32' title='bbox 390 402 418 435; x_wconf 81' lang='lat' dir='ltr'>Ex</span> <span class='ocrx_word' id='word_1_33' title='bbox 433 413 471 450; x_wconf 81' lang='lat' dir='ltr'>quo</span> <span class='ocrx_word' id='word_1_34' title='bbox 495 402 601 449; x_wconf 80' lang='lat' dir='ltr'>scripturae</span> <span class='ocrx_word' id='word_1_35' title='bbox 619 415 691 451; x_wconf 77' lang='lat' dir='ltr'>genere</span> <span class='ocrx_word' id='word_1_36' title='bbox 705 400 795 449; x_wconf 79' lang='lat' dir='ltr'>collegit,</span> <span class='ocrx_word' id='word_1_37' title='bbox 817 401 873 435; x_wconf 87' lang='lat' dir='ltr'>etiam</span> <span class='ocrx_word' id='word_1_38' title='bbox 888 403 1010 443; x_wconf 75' lang='lat' dir='ltr'>versionem,</span> <span class='ocrx_word' id='word_1_39' title='bbox 1030 415 1086 450; x_wconf 87' lang='lat' dir='ltr'>quam</span> 
     </span>
     <span class='ocr_line' id='line_1_5' title="bbox 72 461 1086 510; baseline -0.004 -10"><span class='ocrx_word' id='word_1_40' title='bbox 72 465 134 500; x_wconf 81' lang='lat' dir='ltr'>codex</span> <span class='ocrx_word' id='word_1_41' title='bbox 149 464 242 505; x_wconf 83' lang='lat' dir='ltr'>baberet,</span> <span class='ocrx_word' id='word_1_42' title='bbox 257 463 312 498; x_wconf 87' lang='lat' dir='ltr'>talem</span> <span class='ocrx_word' id='word_1_43' title='bbox 329 475 368 497; x_wconf 90' lang='lat' dir='ltr'>esse</span> <span class='ocrx_word' id='word_1_44' title='bbox 384 462 472 503; x_wconf 87' lang='lat' dir='ltr'>debere,</span> <span class='ocrx_word' id='word_1_45' title='bbox 492 476 542 510; x_wconf 84' lang='lat' dir='ltr'>quae</span> <span class='ocrx_word' id='word_1_46' title='bbox 561 464 580 496; x_wconf 91' lang='lat' dir='ltr'>in</span> <span class='ocrx_word' id='word_1_47' title='bbox 600 462 715 504; x_wconf 72' lang='lat' dir='ltr'>occidente,</span> <span class='ocrx_word' id='word_1_48' title='bbox 735 463 845 510; x_wconf 82' lang='lat' dir='ltr'>Hispaniam</span> <span class='ocrx_word' id='word_1_49' title='bbox 866 461 909 496; x_wconf 91' lang='lat' dir='ltr'>dico</span> <span class='ocrx_word' id='word_1_50' title='bbox 931 462 961 496; x_wconf 90' lang='lat' dir='ltr'>vel</span> <span class='ocrx_word' id='word_1_51' title='bbox 982 473 1086 497; x_wconf 82' lang='lat' dir='ltr'>extremam</span> 
     </span>
     <span class='ocr_line' id='line_1_6' title="bbox 70 521 1086 572; baseline -0.002 -12"><span class='ocrx_word' id='word_1_52' title='bbox 70 526 160 567; x_wconf 85' lang='lat' dir='ltr'>Africam,</span> <span class='ocrx_word' id='word_1_53' title='bbox 176 535 217 559; x_wconf 88' lang='lat' dir='ltr'>orta</span> <span class='ocrx_word' id='word_1_54' title='bbox 232 534 251 558; x_wconf 87' lang='lat' dir='ltr'>et</span> <span class='ocrx_word' id='word_1_55' title='bbox 265 538 299 558; x_wconf 92' lang='lat' dir='ltr'>usu</span> <span class='ocrx_word' id='word_1_56' title='bbox 312 523 386 572; x_wconf 82' lang='lat' dir='ltr'>vulgata</span> <span class='ocrx_word' id='word_1_57' title='bbox 401 523 463 558; x_wconf 86' lang='lat' dir='ltr'>fuerit.</span> <span class='ocrx_word' id='word_1_58' title='bbox 488 523 574 558; x_wconf 83' lang='lat' dir='ltr'>Instituta</span> <span class='ocrx_word' id='word_1_59' title='bbox 591 523 663 558; x_wconf 89' lang='lat' dir='ltr'>deinde</span> <span class='ocrx_word' id='word_1_60' title='bbox 680 537 721 559; x_wconf 88' lang='lat' dir='ltr'>cum</span> <span class='ocrx_word' id='word_1_61' title='bbox 735 522 845 572; x_wconf 80' lang='lat' dir='ltr'>polyglottis</span> <span class='ocrx_word' id='word_1_62' title='bbox 861 521 963 557; x_wconf 90' lang='lat' dir='ltr'>collatione</span> <span class='ocrx_word' id='word_1_63' title='bbox 979 536 1038 571; x_wconf 90' lang='lat' dir='ltr'>quum</span> <span class='ocrx_word' id='word_1_64' title='bbox 1051 524 1086 558; x_wconf 90' lang='lat' dir='ltr'>ob-</span> 
     </span>
     <span class='ocr_line' id='line_1_7' title="bbox 71 584 1087 632; baseline 0 -13"><span class='ocrx_word' id='word_1_65' title='bbox 71 596 162 627; x_wconf 84' lang='lat' dir='ltr'>servaret,</span> <span class='ocrx_word' id='word_1_66' title='bbox 178 585 265 619; x_wconf 85' lang='lat' dir='ltr'>codicem</span> <span class='ocrx_word' id='word_1_67' title='bbox 277 597 333 631; x_wconf 86' lang='lat' dir='ltr'>saepe</span> <span class='ocrx_word' id='word_1_68' title='bbox 349 596 456 632; x_wconf 79' lang='lat' dir='ltr'>congruere</span> <span class='ocrx_word' id='word_1_69' title='bbox 472 597 515 618; x_wconf 90' lang='lat' dir='ltr'>cum</span> <span class='ocrx_word' id='word_1_70' title='bbox 530 584 644 632; x_wconf 86' lang='lat' dir='ltr'>Hieronymi</span> <span class='ocrx_word' id='word_1_71' title='bbox 659 585 748 619; x_wconf 87' lang='lat' dir='ltr'>versione</span> <span class='ocrx_word' id='word_1_72' title='bbox 764 594 783 618; x_wconf 88' lang='lat' dir='ltr'>et</span> <span class='ocrx_word' id='word_1_73' title='bbox 797 592 895 632; x_wconf 87' lang='lat' dir='ltr'>praeterea</span> <span class='ocrx_word' id='word_1_74' title='bbox 914 584 953 618; x_wconf 88' lang='lat' dir='ltr'>fere</span> <span class='ocrx_word' id='word_1_75' title='bbox 969 585 1039 632; x_wconf 86' lang='lat' dir='ltr'>ubique</span> <span class='ocrx_word' id='word_1_76' title='bbox 1054 598 1087 619; x_wconf 91' lang='lat' dir='ltr'>re-</span> 
     </span>
     <span class='ocr_line' id='line_1_8' title="bbox 71 643 1087 694; baseline -0.001 -14"><span class='ocrx_word' id='word_1_77' title='bbox 71 646 123 682; x_wconf 88' lang='lat' dir='ltr'>ferre</span> <span class='ocrx_word' id='word_1_78' title='bbox 139 645 242 680; x_wconf 85' lang='lat' dir='ltr'>editionem</span> <span class='ocrx_word' id='word_1_79' title='bbox 251 645 359 685; x_wconf 83' lang='lat' dir='ltr'>Romanam,</span> <span class='ocrx_word' id='word_1_80' title='bbox 375 645 448 693; x_wconf 84' lang='lat' dir='ltr'>qnippe</span> <span class='ocrx_word' id='word_1_81' title='bbox 458 645 510 679; x_wconf 88' lang='lat' dir='ltr'>cuius</span> <span class='ocrx_word' id='word_1_82' title='bbox 528 643 610 679; x_wconf 86' lang='lat' dir='ltr'>editores</span> <span class='ocrx_word' id='word_1_83' title='bbox 626 645 727 694; x_wconf 83' lang='lat' dir='ltr'>probabile</span> <span class='ocrx_word' id='word_1_84' title='bbox 742 646 765 679; x_wconf 90' lang='lat' dir='ltr'>sit</span> <span class='ocrx_word' id='word_1_85' title='bbox 780 645 826 680; x_wconf 87' lang='lat' dir='ltr'>tales</span> <span class='ocrx_word' id='word_1_86' title='bbox 838 643 949 693; x_wconf 88' lang='lat' dir='ltr'>praetulisse</span> <span class='ocrx_word' id='word_1_87' title='bbox 965 645 1042 680; x_wconf 86' lang='lat' dir='ltr'>codices</span> <span class='ocrx_word' id='word_1_88' title='bbox 1053 647 1087 694; x_wconf 85' lang='lat' dir='ltr'>qui</span> 
     </span>
     <span class='ocr_line' id='line_1_9' title="bbox 71 705 1087 754; baseline -0.001 -12"><span class='ocrx_word' id='word_1_89' title='bbox 71 709 152 742; x_wconf 84' lang='lat' dir='ltr'>maxime</span> <span class='ocrx_word' id='word_1_90' title='bbox 169 720 211 740; x_wconf 89' lang='lat' dir='ltr'>cum</span> <span class='ocrx_word' id='word_1_91' title='bbox 226 705 341 740; x_wconf 86' lang='lat' dir='ltr'>lectionibus</span> <span class='ocrx_word' id='word_1_92' title='bbox 356 705 427 739; x_wconf 88' lang='lat' dir='ltr'>Latinis</span> <span class='ocrx_word' id='word_1_93' title='bbox 442 707 586 747; x_wconf 82' lang='lat' dir='ltr'>consentirent,</span> <span class='ocrx_word' id='word_1_94' title='bbox 601 719 660 754; x_wconf 87' lang='lat' dir='ltr'>porro</span> <span class='ocrx_word' id='word_1_95' title='bbox 677 705 780 747; x_wconf 82' lang='lat' dir='ltr'>conclusit,</span> <span class='ocrx_word' id='word_1_96' title='bbox 801 707 910 741; x_wconf 84' lang='lat' dir='ltr'>versionem</span> <span class='ocrx_word' id='word_1_97' title='bbox 924 705 991 740; x_wconf 80' lang='lat' dir='ltr'>factam</span> <span class='ocrx_word' id='word_1_98' title='bbox 1007 719 1047 741; x_wconf 90' lang='lat' dir='ltr'>esse</span> <span class='ocrx_word' id='word_1_99' title='bbox 1063 720 1087 741; x_wconf 80' lang='lat' dir='ltr'>ex</span> 
     </span>
     <span class='ocr_line' id='line_1_10' title="bbox 71 765 1085 817; baseline -0.003 -14"><span class='ocrx_word' id='word_1_100' title='bbox 71 769 145 817; x_wconf 72' lang='lat' dir='ltr'>vulgata</span> <span class='ocrx_word' id='word_1_101' title='bbox 160 768 231 807; x_wconf 85' lang='lat' dir='ltr'>Latina,</span> <span class='ocrx_word' id='word_1_102' title='bbox 246 777 310 815; x_wconf 82' lang='lat' dir='ltr'>atque,</span> <span class='ocrx_word' id='word_1_103' title='bbox 326 765 384 814; x_wconf 87' lang='lat' dir='ltr'>quum</span> <span class='ocrx_word' id='word_1_104' title='bbox 399 769 419 801; x_wconf 92' lang='lat' dir='ltr'>in</span> <span class='ocrx_word' id='word_1_105' title='bbox 433 765 487 800; x_wconf 89' lang='lat' dir='ltr'>libris</span> <span class='ocrx_word' id='word_1_106' title='bbox 504 767 528 801; x_wconf 92' lang='lat' dir='ltr'>de</span> <span class='ocrx_word' id='word_1_107' title='bbox 544 768 608 801; x_wconf 87' lang='lat' dir='ltr'>critica</span> <span class='ocrx_word' id='word_1_108' title='bbox 624 780 683 808; x_wconf 85' lang='lat' dir='ltr'>sacra,</span> <span class='ocrx_word' id='word_1_109' title='bbox 698 776 775 801; x_wconf 86' lang='lat' dir='ltr'>auctore</span> <span class='ocrx_word' id='word_1_110' title='bbox 791 767 881 808; x_wconf 86' lang='lat' dir='ltr'>Mariana,</span> <span class='ocrx_word' id='word_1_111' title='bbox 896 779 961 801; x_wconf 88' lang='lat' dir='ltr'>rumor</span> <span class='ocrx_word' id='word_1_112' title='bbox 976 767 1001 801; x_wconf 89' lang='lat' dir='ltr'>de</span> <span class='ocrx_word' id='word_1_113' title='bbox 1017 766 1085 801; x_wconf 83' lang='lat' dir='ltr'>diuinis</span> 
     </span>
     <span class='ocr_line' id='line_1_11' title="bbox 70 826 1086 876; baseline -0.002 -12"><span class='ocrx_word' id='word_1_114' title='bbox 70 829 126 865; x_wconf 73' lang='lat' dir='ltr'>libris</span> <span class='ocrx_word' id='word_1_115' title='bbox 142 844 152 863; x_wconf 90' lang='lat' dir='ltr'>a</span> <span class='ocrx_word' id='word_1_116' title='bbox 166 829 236 862; x_wconf 88' lang='lat' dir='ltr'>Ioanne</span> <span class='ocrx_word' id='word_1_117' title='bbox 253 827 335 876; x_wconf 87' lang='lat' dir='ltr'>quodam</span> <span class='ocrx_word' id='word_1_118' title='bbox 351 829 441 875; x_wconf 86' lang='lat' dir='ltr'>episcopo</span> <span class='ocrx_word' id='word_1_119' title='bbox 458 827 568 876; x_wconf 89' lang='lat' dir='ltr'>Hispalensi</span> <span class='ocrx_word' id='word_1_120' title='bbox 581 841 646 862; x_wconf 90' lang='lat' dir='ltr'>versus</span> <span class='ocrx_word' id='word_1_121' title='bbox 662 840 731 861; x_wconf 89' lang='lat' dir='ltr'>anuum</span> <span class='ocrx_word' id='word_1_122' title='bbox 746 826 787 863; x_wconf 74' lang='grc'>737</span> <span class='ocrx_word' id='word_1_123' title='bbox 803 828 849 861; x_wconf 86' lang='lat' dir='ltr'>Chr.</span> <span class='ocrx_word' id='word_1_124' title='bbox 864 828 940 863; x_wconf 84' lang='lat' dir='ltr'>arabice</span> <span class='ocrx_word' id='word_1_125' title='bbox 954 828 1034 862; x_wconf 88' lang='lat' dir='ltr'>redditis</span> <span class='ocrx_word' id='word_1_126' title='bbox 1050 828 1086 862; x_wconf 87' lang='lat' dir='ltr'>dif-</span> 
     </span>
     <span class='ocr_line' id='line_1_12' title="bbox 71 887 1086 937; baseline -0.002 -12"><span class='ocrx_word' id='word_1_127' title='bbox 71 891 162 931; x_wconf 81' lang='lat' dir='ltr'>ferretur,</span> <span class='ocrx_word' id='word_1_128' title='bbox 177 889 232 923; x_wconf 90' lang='lat' dir='ltr'>huius</span> <span class='ocrx_word' id='word_1_129' title='bbox 247 889 318 937; x_wconf 75' lang='lat' dir='ltr'>ipsine,</span> <span class='ocrx_word' id='word_1_130' title='bbox 333 889 366 936; x_wconf 89' lang='lat' dir='ltr'>qui</span> <span class='ocrx_word' id='word_1_131' title='bbox 381 891 401 922; x_wconf 90' lang='lat' dir='ltr'>in</span> <span class='ocrx_word' id='word_1_132' title='bbox 415 889 507 937; x_wconf 84' lang='lat' dir='ltr'>Hispania</span> <span class='ocrx_word' id='word_1_133' title='bbox 522 889 597 937; x_wconf 86' lang='lat' dir='ltr'>degerit</span> <span class='ocrx_word' id='word_1_134' title='bbox 611 901 676 937; x_wconf 83' lang='lat' dir='ltr'>neque</span> <span class='ocrx_word' id='word_1_135' title='bbox 691 888 747 922; x_wconf 89' lang='lat' dir='ltr'>facilc</span> <span class='ocrx_word' id='word_1_136' title='bbox 764 901 786 921; x_wconf 84' lang='lat' dir='ltr'>ex</span> <span class='ocrx_word' id='word_1_137' title='bbox 802 887 839 922; x_wconf 91' lang='lat' dir='ltr'>alia</span> <span class='ocrx_word' id='word_1_138' title='bbox 853 888 916 936; x_wconf 85' lang='lat' dir='ltr'>lingua</span> <span class='ocrx_word' id='word_1_139' title='bbox 930 889 967 923; x_wconf 92' lang='lat' dir='ltr'>nisi</span> <span class='ocrx_word' id='word_1_140' title='bbox 983 903 1005 933; x_wconf 75' lang='grc'>011</span> <span class='ocrx_word' id='word_1_141' title='bbox 1020 889 1086 923; x_wconf 86' lang='lat' dir='ltr'>Latina</span> 
     </span>
    </p>
   </div>
   <div class='ocr_carea' id='block_1_3' title="bbox 72 949 1085 998">
    <p class='ocr_par' dir='ltr' id='par_1_3' title="bbox 72 949 1085 998">
     <span class='ocr_line' id='line_1_13' title="bbox 72 949 1085 998; baseline -0.003 -11"><span class='ocrx_word' id='word_1_142' title='bbox 72 962 91 987; x_wconf 85' lang='lat' dir='ltr'>et</span> <span class='ocrx_word' id='word_1_143' title='bbox 106 965 115 985; x_wconf 91' lang='lat' dir='ltr'>e</span> <span class='ocrx_word' id='word_1_144' title='bbox 131 950 218 985; x_wconf 76' lang='lat' dir='ltr'>versione</span> <span class='ocrx_word' id='word_1_145' title='bbox 234 950 347 998; x_wconf 81' lang='lat' dir='ltr'>Hieronymi</span> <span class='ocrx_word' id='word_1_146' title='bbox 361 960 405 997; x_wconf 89' lang='lat' dir='ltr'>post</span> <span class='ocrx_word' id='word_1_147' title='bbox 420 963 435 983; x_wconf 85' lang='lat' dir='ltr'>a·</span> <span class='ocrx_word' id='word_1_148' title='bbox 452 949 492 986; x_wconf 82' lang='grc'>600</span> <span class='ocrx_word' id='word_1_149' title='bbox 507 951 526 983; x_wconf 92' lang='grc'>10</span> <span class='ocrx_word' id='word_1_150' title='bbox 544 949 580 984; x_wconf 85' lang='grc'><strong>11115</strong></span> <span class='ocrx_word' id='word_1_151' title='bbox 601 950 690 984; x_wconf 89' lang='lat' dir='ltr'>tractibus</span> <span class='ocrx_word' id='word_1_152' title='bbox 712 949 805 998; x_wconf 81' lang='lat' dir='ltr'>dlvulgata</span> <span class='ocrx_word' id='word_1_153' title='bbox 823 962 856 983; x_wconf 91' lang='grc'>501</span> <span class='ocrx_word' id='word_1_154' title='bbox 876 950 978 984; x_wconf 85' lang='lat' dir='ltr'>transferre</span> <span class='ocrx_word' id='word_1_155' title='bbox 994 951 1085 998; x_wconf 89' lang='lat' dir='ltr'>potuerit,</span> 
     </span>
    </p>
   </div>
   <div class='ocr_carea' id='block_1_4' title="bbox 68 1010 1085 1487">
    <p class='ocr_par' dir='ltr' id='par_1_4' title="bbox 68 1010 1085 1487">
     <span class='ocr_line' id='line_1_14' title="bbox 70 1010 1085 1059; baseline -0.001 -13"><span class='ocrx_word' id='word_1_156' title='bbox 70 1013 174 1047; x_wconf 84' lang='lat' dir='ltr'>versionem</span> <span class='ocrx_word' id='word_1_157' title='bbox 190 1011 210 1045; x_wconf 92' lang='lat' dir='ltr'>in</span> <span class='ocrx_word' id='word_1_158' title='bbox 228 1010 311 1045; x_wconf 87' lang='lat' dir='ltr'>editione</span> <span class='ocrx_word' id='word_1_159' title='bbox 326 1011 408 1045; x_wconf 82' lang='lat' dir='ltr'>Romana</span> <span class='ocrx_word' id='word_1_160' title='bbox 424 1021 442 1044; x_wconf 94' lang='lat' dir='ltr'>et</span> <span class='ocrx_word' id='word_1_161' title='bbox 459 1010 526 1045; x_wconf 90' lang='lat' dir='ltr'>codice</span> <span class='ocrx_word' id='word_1_162' title='bbox 543 1011 691 1059; x_wconf 83' lang='lat' dir='ltr'>Franequerano</span> <span class='ocrx_word' id='word_1_163' title='bbox 710 1011 765 1045; x_wconf 90' lang='lat' dir='ltr'>nobis</span> <span class='ocrx_word' id='word_1_164' title='bbox 783 1020 875 1058; x_wconf 79' lang='lat' dir='ltr'>servatam</span> <span class='ocrx_word' id='word_1_165' title='bbox 892 1023 939 1044; x_wconf 89' lang='lat' dir='ltr'>esse.</span> <span class='ocrx_word' id='word_1_166' title='bbox 969 1010 1008 1045; x_wconf 90' lang='lat' dir='ltr'>Sed</span> <span class='ocrx_word' id='word_1_167' title='bbox 1022 1011 1085 1058; x_wconf 80' lang='grc'><strong>0101115</strong></span> 
     </span>
     <span class='ocr_line' id='line_1_15' title="bbox 70 1071 1084 1120; baseline -0.002 -13"><span class='ocrx_word' id='word_1_168' title='bbox 70 1074 89 1107; x_wconf 87' lang='grc'>10</span> <span class='ocrx_word' id='word_1_169' title='bbox 104 1073 151 1107; x_wconf 86' lang='grc'><strong>10015</strong></span> <span class='ocrx_word' id='word_1_170' title='bbox 171 1071 203 1106; x_wconf 88' lang='lat' dir='ltr'>illa</span> <span class='ocrx_word' id='word_1_171' title='bbox 219 1072 242 1105; x_wconf 91' lang='lat' dir='ltr'>ab</span> <span class='ocrx_word' id='word_1_172' title='bbox 258 1072 377 1119; x_wconf 79' lang='lat' dir='ltr'>Hieronymo</span> <span class='ocrx_word' id='word_1_173' title='bbox 394 1072 492 1120; x_wconf 87' lang='lat' dir='ltr'>discrepat</span> <span class='ocrx_word' id='word_1_174' title='bbox 507 1083 526 1106; x_wconf 91' lang='lat' dir='ltr'>et</span> <span class='ocrx_word' id='word_1_175' title='bbox 542 1083 605 1107; x_wconf 88' lang='lat' dir='ltr'>contra</span> <span class='ocrx_word' id='word_1_176' title='bbox 620 1073 671 1106; x_wconf 82' lang='lat' dir='ltr'>hunc</span> <span class='ocrx_word' id='word_1_177' title='bbox 686 1071 716 1105; x_wconf 92' lang='lat' dir='ltr'>vel</span> <span class='ocrx_word' id='word_1_178' title='bbox 736 1085 778 1106; x_wconf 94' lang='lat' dir='ltr'>cum</span> <span class='ocrx_word' id='word_1_179' title='bbox 793 1071 903 1120; x_wconf 83' lang='lat' dir='ltr'>polyglottis</span> <span class='ocrx_word' id='word_1_180' title='bbox 923 1072 966 1105; x_wconf 82' lang='lat' dir='ltr'>facit</span> <span class='ocrx_word' id='word_1_181' title='bbox 984 1071 1014 1105; x_wconf 94' lang='lat' dir='ltr'>vel</span> <span class='ocrx_word' id='word_1_182' title='bbox 1029 1073 1084 1106; x_wconf 85' lang='lat' dir='ltr'>etiam</span> 
     </span>
     <span class='ocr_line' id='line_1_16' title="bbox 69 1132 1084 1181; baseline -0.002 -13"><span class='ocrx_word' id='word_1_183' title='bbox 69 1134 105 1169; x_wconf 87' lang='lat' dir='ltr'>alia</span> <span class='ocrx_word' id='word_1_184' title='bbox 120 1134 206 1181; x_wconf 85' lang='lat' dir='ltr'>praebet.</span> <span class='ocrx_word' id='word_1_185' title='bbox 237 1132 294 1175; x_wconf 82' lang='lat' dir='ltr'>Quod</span> <span class='ocrx_word' id='word_1_186' title='bbox 310 1146 368 1181; x_wconf 88' lang='lat' dir='ltr'>quum</span> <span class='ocrx_word' id='word_1_187' title='bbox 383 1134 425 1167; x_wconf 84' lang='lat' dir='ltr'>Viri</span> <span class='ocrx_word' id='word_1_188' title='bbox 440 1133 469 1168; x_wconf 88' lang='lat' dir='ltr'>Cl.</span> <span class='ocrx_word' id='word_1_189' title='bbox 482 1134 572 1181; x_wconf 87' lang='lat' dir='ltr'>positioni</span> <span class='ocrx_word' id='word_1_190' title='bbox 590 1145 629 1167; x_wconf 90' lang='lat' dir='ltr'>non</span> <span class='ocrx_word' id='word_1_191' title='bbox 648 1132 731 1174; x_wconf 85' lang='lat' dir='ltr'>faveret,</span> <span class='ocrx_word' id='word_1_192' title='bbox 751 1134 831 1181; x_wconf 89' lang='lat' dir='ltr'>sumpsit</span> <span class='ocrx_word' id='word_1_193' title='bbox 846 1133 935 1167; x_wconf 88' lang='lat' dir='ltr'>loannem</span> <span class='ocrx_word' id='word_1_194' title='bbox 952 1132 1084 1180; x_wconf 87' lang='lat' dir='ltr'>Hispaleusem</span> 
     </span>
     <span class='ocr_line' id='line_1_17' title="bbox 68 1193 1084 1242; baseline -0.003 -12"><span class='ocrx_word' id='word_1_195' title='bbox 68 1208 107 1230; x_wconf 90' lang='lat' dir='ltr'>non</span> <span class='ocrx_word' id='word_1_196' title='bbox 122 1194 147 1229; x_wconf 86' lang='lat' dir='ltr'>de</span> <span class='ocrx_word' id='word_1_197' title='bbox 162 1207 211 1229; x_wconf 87' lang='lat' dir='ltr'>novo</span> <span class='ocrx_word' id='word_1_198' title='bbox 227 1195 316 1234; x_wconf 80' lang='lat' dir='ltr'>vertisse,</span> <span class='ocrx_word' id='word_1_199' title='bbox 336 1193 369 1227; x_wconf 90' lang='lat' dir='ltr'>sed</span> <span class='ocrx_word' id='word_1_200' title='bbox 385 1195 490 1241; x_wconf 84' lang='lat' dir='ltr'>antiquiore</span> <span class='ocrx_word' id='word_1_201' title='bbox 506 1194 569 1241; x_wconf 85' lang='lat' dir='ltr'>aliqua</span> <span class='ocrx_word' id='word_1_202' title='bbox 587 1193 734 1229; x_wconf 82' lang='lat' dir='ltr'>translationee</span> <span class='ocrx_word' id='word_1_203' title='bbox 748 1193 822 1229; x_wconf 85' lang='lat' dir='ltr'>Graeco</span> <span class='ocrx_word' id='word_1_204' title='bbox 841 1193 888 1228; x_wconf 86' lang='lat' dir='ltr'>facta</span> <span class='ocrx_word' id='word_1_205' title='bbox 905 1206 964 1242; x_wconf 85' lang='lat' dir='ltr'>eaque</span> <span class='ocrx_word' id='word_1_206' title='bbox 977 1196 1018 1241; x_wconf 87' lang='lat' dir='ltr'>ipsa</span> <span class='ocrx_word' id='word_1_207' title='bbox 1035 1208 1084 1242; x_wconf 84' lang='lat' dir='ltr'>quae</span> 
     </span>
     <span class='ocr_line' id='line_1_18' title="bbox 69 1251 1085 1304; baseline -0.002 -13"><span class='ocrx_word' id='word_1_208' title='bbox 69 1255 180 1304; x_wconf 81' lang='lat' dir='ltr'>polyglottis</span> <span class='ocrx_word' id='word_1_209' title='bbox 204 1255 312 1289; x_wconf 84' lang='lat' dir='ltr'>continetur</span> <span class='ocrx_word' id='word_1_210' title='bbox 331 1268 385 1289; x_wconf 89' lang='lat' dir='ltr'>usum</span> <span class='ocrx_word' id='word_1_211' title='bbox 399 1254 468 1297; x_wconf 84' lang='lat' dir='ltr'>fuisse,</span> <span class='ocrx_word' id='word_1_212' title='bbox 488 1268 511 1289; x_wconf 82' lang='lat' dir='ltr'>ex</span> <span class='ocrx_word' id='word_1_213' title='bbox 531 1269 567 1302; x_wconf 90' lang='lat' dir='ltr'>qua</span> <span class='ocrx_word' id='word_1_214' title='bbox 587 1254 679 1289; x_wconf 83' lang='lat' dir='ltr'>nonnulla</span> <span class='ocrx_word' id='word_1_215' title='bbox 694 1255 803 1296; x_wconf 86' lang='lat' dir='ltr'>retinuerit,</span> <span class='ocrx_word' id='word_1_216' title='bbox 824 1254 881 1289; x_wconf 87' lang='lat' dir='ltr'>multa</span> <span class='ocrx_word' id='word_1_217' title='bbox 899 1256 953 1288; x_wconf 88' lang='lat' dir='ltr'>etiam</span> <span class='ocrx_word' id='word_1_218' title='bbox 969 1255 988 1288; x_wconf 91' lang='lat' dir='ltr'>in</span> <span class='ocrx_word' id='word_1_219' title='bbox 1003 1268 1037 1289; x_wconf 92' lang='grc'>500</span> <span class='ocrx_word' id='word_1_220' title='bbox 1053 1251 1085 1289; x_wconf 83' lang='grc'>00-</span> 
     </span>
     <span class='ocr_line' id='line_1_19' title="bbox 68 1315 1085 1367; baseline -0.001 -16"><span class='ocrx_word' id='word_1_221' title='bbox 68 1316 112 1351; x_wconf 85' lang='lat' dir='ltr'>dice</span> <span class='ocrx_word' id='word_1_222' title='bbox 127 1317 276 1364; x_wconf 76' lang='lat' dir='ltr'>Hieronymiano</span> <span class='ocrx_word' id='word_1_223' title='bbox 291 1315 347 1350; x_wconf 85' lang='lat' dir='ltr'>aliter</span> <span class='ocrx_word' id='word_1_224' title='bbox 361 1315 435 1365; x_wconf 83' lang='lat' dir='ltr'>legisse,</span> <span class='ocrx_word' id='word_1_225' title='bbox 451 1325 524 1364; x_wconf 87' lang='lat' dir='ltr'>partem</span> <span class='ocrx_word' id='word_1_226' title='bbox 541 1329 564 1367; x_wconf 84' lang='lat' dir='ltr'>ex</span> <span class='ocrx_word' id='word_1_227' title='bbox 579 1326 643 1351; x_wconf 80' lang='lat' dir='ltr'>vetere</span> <span class='ocrx_word' id='word_1_228' title='bbox 657 1315 703 1350; x_wconf 86' lang='lat' dir='ltr'>Itala</span> <span class='ocrx_word' id='word_1_229' title='bbox 718 1315 843 1364; x_wconf 86' lang='lat' dir='ltr'>interpolata,</span> <span class='ocrx_word' id='word_1_230' title='bbox 858 1325 931 1364; x_wconf 84' lang='lat' dir='ltr'>partem</span> <span class='ocrx_word' id='word_1_231' title='bbox 949 1317 1040 1364; x_wconf 83' lang='lat' dir='ltr'>genuina,</span> <span class='ocrx_word' id='word_1_232' title='bbox 1056 1330 1085 1351; x_wconf 80' lang='lat' dir='ltr'>ex</span> 
     </span>
     <span class='ocr_line' id='line_1_20' title="bbox 70 1370 982 1427; baseline -0.002 -14"><span class='ocrx_word' id='word_1_233' title='bbox 70 1379 139 1427; x_wconf 90' lang='lat' dir='ltr'>quibus</span> <span class='ocrx_word' id='word_1_234' title='bbox 154 1376 185 1411; x_wconf 90' lang='lat' dir='ltr'>vel</span> <span class='ocrx_word' id='word_1_235' title='bbox 199 1378 241 1425; x_wconf 89' lang='lat' dir='ltr'>ipse</span> <span class='ocrx_word' id='word_1_236' title='bbox 255 1377 368 1425; x_wconf 85' lang='lat' dir='ltr'>Hieronymi</span> <span class='ocrx_word' id='word_1_237' title='bbox 384 1386 443 1412; x_wconf 83' lang='grc'><strong>1011105</strong></span> <span class='ocrx_word' id='word_1_238' title='bbox 460 1377 559 1412; x_wconf 90' lang='lat' dir='ltr'>emendari</span> <span class='ocrx_word' id='word_1_239' title='bbox 573 1387 644 1425; x_wconf 87' lang='lat' dir='ltr'>posset.</span> <span class='ocrx_word' id='word_1_240' title='bbox 981 1370 982 1373; x_wconf 11' lang='grc' dir='ltr'><strong>Ἴ</strong></span> 
     </span>
     <span class='ocr_line' id='line_1_21' title="bbox 125 1437 666 1487; baseline 0 -14"><span class='ocrx_word' id='word_1_241' title='bbox 125 1438 165 1473; x_wconf 87' lang='lat' dir='ltr'>Sed</span> <span class='ocrx_word' id='word_1_242' title='bbox 181 1438 210 1472; x_wconf 85' lang='grc'><strong>1115</strong></span> <span class='ocrx_word' id='word_1_243' title='bbox 226 1437 281 1485; x_wconf 80' lang='lat' dir='ltr'>plura</span> <span class='ocrx_word' id='word_1_244' title='bbox 296 1451 357 1486; x_wconf 80' lang='lat' dir='ltr'>eaque</span> <span class='ocrx_word' id='word_1_245' title='bbox 372 1439 568 1487; x_wconf 82' lang='lat' dir='ltr'>gravissimaopponi</span> <span class='ocrx_word' id='word_1_246' title='bbox 583 1448 666 1487; x_wconf 83' lang='lat' dir='ltr'>possunt.</span> 
     </span>
    </p>
   </div>
   <div class='ocr_carea' id='block_1_5' title="bbox 66 1512 1084 2663">
    <p class='ocr_par' dir='ltr' id='par_1_5' title="bbox 66 1512 1084 2663">
     <span class='ocr_line' id='line_1_22' title="bbox 125 1512 1084 1565; baseline 0 -15"><span class='ocrx_word' id='word_1_247' title='bbox 125 1517 139 1550; x_wconf 92' lang='lat' dir='ltr'>I.</span> <span class='ocrx_word' id='word_1_248' title='bbox 171 1516 239 1551; x_wconf 78' lang='lat' dir='ltr'>Codex</span> <span class='ocrx_word' id='word_1_249' title='bbox 256 1517 423 1564; x_wconf 77' lang='lat' dir='ltr'>Franeqneranns</span> <span class='ocrx_word' id='word_1_250' title='bbox 443 1517 472 1550; x_wconf 88' lang='lat' dir='ltr'>nil</span> <span class='ocrx_word' id='word_1_251' title='bbox 489 1526 519 1551; x_wconf 81' lang='lat' dir='ltr'>est</span> <span class='ocrx_word' id='word_1_252' title='bbox 534 1519 573 1551; x_wconf 83' lang='lat' dir='ltr'>nisi</span> <span class='ocrx_word' id='word_1_253' title='bbox 588 1530 657 1564; x_wconf 84' lang='lat' dir='ltr'>puram</span> <span class='ocrx_word' id='word_1_254' title='bbox 677 1512 888 1551; x_wconf 70' lang='lat' dir='ltr'>editionis&#39;ltomanae</span> <span class='ocrx_word' id='word_1_255' title='bbox 904 1516 1049 1565; x_wconf 74' lang='lat' dir='ltr'>apographum,</span> <span class='ocrx_word' id='word_1_256' title='bbox 1063 1516 1084 1550; x_wconf 86' lang='lat' dir='ltr'>id</span> 
     </span>
     <span class='ocr_line' id='line_1_23' title="bbox 69 1577 1084 1627; baseline 0 -14"><span class='ocrx_word' id='word_1_257' title='bbox 69 1578 122 1627; x_wconf 87' lang='lat' dir='ltr'>quod</span> <span class='ocrx_word' id='word_1_258' title='bbox 137 1577 281 1613; x_wconf 89' lang='lat' dir='ltr'>evidentissime</span> <span class='ocrx_word' id='word_1_259' title='bbox 298 1590 321 1611; x_wconf 83' lang='lat' dir='ltr'>ex</span> <span class='ocrx_word' id='word_1_260' title='bbox 336 1578 395 1625; x_wconf 86' lang='lat' dir='ltr'>ipsius</span> <span class='ocrx_word' id='word_1_261' title='bbox 408 1578 521 1613; x_wconf 76' lang='grc'><strong>1011110110</strong></span> <span class='ocrx_word' id='word_1_262' title='bbox 542 1578 671 1626; x_wconf 82' lang='lat' dir='ltr'>descriptione</span> <span class='ocrx_word' id='word_1_263' title='bbox 687 1589 770 1626; x_wconf 86' lang='lat' dir='ltr'>apparet.</span> <span class='ocrx_word' id='word_1_264' title='bbox 799 1579 846 1613; x_wconf 83' lang='lat' dir='ltr'>Nam</span> <span class='ocrx_word' id='word_1_265' title='bbox 865 1591 904 1612; x_wconf 91' lang='lat' dir='ltr'>non</span> <span class='ocrx_word' id='word_1_266' title='bbox 923 1578 983 1612; x_wconf 88' lang='lat' dir='ltr'>solum</span> <span class='ocrx_word' id='word_1_267' title='bbox 1002 1592 1084 1627; x_wconf 83' lang='lat' dir='ltr'>evange-</span> 
     </span>
     <span class='ocr_line' id='line_1_24' title="bbox 68 1637 1084 1687; baseline 0.001 -15"><span class='ocrx_word' id='word_1_268' title='bbox 68 1638 138 1674; x_wconf 88' lang='lat' dir='ltr'>liorum</span> <span class='ocrx_word' id='word_1_269' title='bbox 153 1637 201 1673; x_wconf 89' lang='lat' dir='ltr'>tituli</span> <span class='ocrx_word' id='word_1_270' title='bbox 219 1638 246 1686; x_wconf 86' lang='lat' dir='ltr'>(p.</span> <span class='ocrx_word' id='word_1_271' title='bbox 260 1638 358 1682; x_wconf 76' lang='lat'>11—13),</span> <span class='ocrx_word' id='word_1_272' title='bbox 373 1651 451 1687; x_wconf 84' lang='lat' dir='ltr'>prorsus</span> <span class='ocrx_word' id='word_1_273' title='bbox 468 1639 563 1673; x_wconf 85' lang='lat' dir='ltr'>arbitrarii</span> <span class='ocrx_word' id='word_1_274' title='bbox 578 1639 607 1673; x_wconf 90' lang='lat' dir='ltr'>illi</span> <span class='ocrx_word' id='word_1_275' title='bbox 623 1650 641 1674; x_wconf 86' lang='lat' dir='ltr'>et</span> <span class='ocrx_word' id='word_1_276' title='bbox 654 1641 674 1673; x_wconf 90' lang='grc'>111</span> <span class='ocrx_word' id='word_1_277' title='bbox 690 1640 776 1674; x_wconf 89' lang='lat' dir='ltr'>omnibus</span> <span class='ocrx_word' id='word_1_278' title='bbox 792 1639 889 1674; x_wconf 89' lang='lat' dir='ltr'>codicibus</span> <span class='ocrx_word' id='word_1_279' title='bbox 905 1637 986 1682; x_wconf 82' lang='lat' dir='ltr'>diversi,</span> <span class='ocrx_word' id='word_1_280' title='bbox 1002 1638 1026 1673; x_wconf 88' lang='lat' dir='ltr'>ad</span> <span class='ocrx_word' id='word_1_281' title='bbox 1040 1652 1084 1673; x_wconf 87' lang='lat' dir='ltr'>ver-</span> 
     </span>
     <span class='ocr_line' id='line_1_25' title="bbox 67 1699 1083 1748; baseline 0.001 -16"><span class='ocrx_word' id='word_1_282' title='bbox 67 1700 114 1733; x_wconf 90' lang='lat' dir='ltr'>bum</span> <span class='ocrx_word' id='word_1_283' title='bbox 129 1699 187 1733; x_wconf 90' lang='lat' dir='ltr'>iidem</span> <span class='ocrx_word' id='word_1_284' title='bbox 203 1708 257 1742; x_wconf 66' lang='lat' dir='ltr'>sunt,</span> <span class='ocrx_word' id='word_1_285' title='bbox 278 1699 393 1734; x_wconf 85' lang='grc'><strong>1100501001</strong></span> <span class='ocrx_word' id='word_1_286' title='bbox 409 1713 474 1735; x_wconf 88' lang='lat' dir='ltr'>omnes</span> <span class='ocrx_word' id='word_1_287' title='bbox 490 1710 584 1748; x_wconf 86' lang='lat' dir='ltr'>quotquot</span> <span class='ocrx_word' id='word_1_288' title='bbox 599 1701 653 1736; x_wconf 86' lang='lat' dir='ltr'>affert</span> <span class='ocrx_word' id='word_1_289' title='bbox 671 1700 743 1736; x_wconf 86' lang='lat' dir='ltr'>codicis</span> <span class='ocrx_word' id='word_1_290' title='bbox 761 1700 853 1735; x_wconf 87' lang='lat' dir='ltr'>lectiones</span> <span class='ocrx_word' id='word_1_291' title='bbox 874 1712 917 1734; x_wconf 87' lang='lat' dir='ltr'>cum</span> <span class='ocrx_word' id='word_1_292' title='bbox 938 1699 1021 1735; x_wconf 90' lang='lat' dir='ltr'>editione</span> <span class='ocrx_word' id='word_1_293' title='bbox 1038 1712 1083 1734; x_wconf 85' lang='lat' dir='ltr'>con·</span> 
     </span>
     <span class='ocr_line' id='line_1_26' title="bbox 70 1758 1082 1809; baseline 0 -16"><span class='ocrx_word' id='word_1_294' title='bbox 70 1761 150 1794; x_wconf 87' lang='lat' dir='ltr'>veniunt</span> <span class='ocrx_word' id='word_1_295' title='bbox 164 1779 191 1785; x_wconf 92' lang='lat'>-·</span> <span class='ocrx_word' id='word_1_296' title='bbox 206 1773 249 1794; x_wconf 88' lang='lat' dir='ltr'>nam</span> <span class='ocrx_word' id='word_1_297' title='bbox 269 1774 306 1794; x_wconf 89' lang='lat' dir='ltr'>una</span> <span class='ocrx_word' id='word_1_298' title='bbox 326 1774 382 1808; x_wconf 84' lang='lat' dir='ltr'>quam</span> <span class='ocrx_word' id='word_1_299' title='bbox 403 1774 439 1809; x_wconf 87' lang='lat' dir='ltr'>per</span> <span class='ocrx_word' id='word_1_300' title='bbox 467 1771 525 1796; x_wconf 90' lang='lat' dir='ltr'>totum</span> <span class='ocrx_word' id='word_1_301' title='bbox 546 1761 633 1796; x_wconf 85' lang='lat' dir='ltr'>libellum</span> <span class='ocrx_word' id='word_1_302' title='bbox 656 1771 707 1797; x_wconf 84' lang='lat' dir='ltr'>notat</span> <span class='ocrx_word' id='word_1_303' title='bbox 727 1761 835 1801; x_wconf 88' lang='lat' dir='ltr'>diversitas,</span> <span class='ocrx_word' id='word_1_304' title='bbox 857 1761 901 1794; x_wconf 90' lang='grc'><strong>111101</strong></span> <span class='ocrx_word' id='word_1_305' title='bbox 920 1775 938 1809; x_wconf 78' lang='grc' dir='ltr'>Ρ.</span> <span class='ocrx_word' id='word_1_306' title='bbox 950 1758 976 1797; x_wconf 76' lang='grc'>20</span> <span class='ocrx_word' id='word_1_307' title='bbox 995 1759 1082 1795; x_wconf 88' lang='lat' dir='ltr'>codicem</span> 
     </span>
     <span class='ocr_line' id='line_1_27' title="bbox 67 1820 1083 1870; baseline -0.001 -15"><span class='ocrx_word' id='word_1_308' title='bbox 67 1821 141 1855; x_wconf 87' lang='lat' dir='ltr'>babere</span> <span class='ocrx_word' id='word_1_309' title='bbox 158 1820 197 1863; x_wconf 54' lang='lat' dir='ltr'>isti,</span> <span class='ocrx_word' id='word_1_310' title='bbox 214 1820 248 1854; x_wconf 89' lang='lat' dir='ltr'>sed</span> <span class='ocrx_word' id='word_1_311' title='bbox 265 1821 368 1856; x_wconf 83' lang='lat' dir='ltr'>editionem</span> <span class='ocrx_word' id='word_1_312' title='bbox 385 1821 422 1864; x_wconf 60' lang='lat' dir='ltr'>[aba</span> <span class='ocrx_word' id='word_1_313' title='bbox 437 1822 499 1863; x_wconf 81' lang='lat' dir='ltr'>tradit,</span> <span class='ocrx_word' id='word_1_314' title='bbox 514 1821 566 1857; x_wconf 90' lang='lat' dir='ltr'>nulla</span> <span class='ocrx_word' id='word_1_315' title='bbox 582 1833 615 1863; x_wconf 91' lang='lat' dir='ltr'>est,</span> <span class='ocrx_word' id='word_1_316' title='bbox 632 1822 787 1870; x_wconf 85' lang='lat' dir='ltr'>quandoquidem</span> <span class='ocrx_word' id='word_1_317' title='bbox 802 1824 822 1856; x_wconf 89' lang='grc'>111</span> <span class='ocrx_word' id='word_1_318' title='bbox 837 1822 924 1856; x_wconf 82' lang='lat' dir='ltr'>omnibus</span> <span class='ocrx_word' id='word_1_319' title='bbox 940 1835 987 1869; x_wconf 89' lang='lat' dir='ltr'>quae</span> <span class='ocrx_word' id='word_1_320' title='bbox 1004 1834 1038 1869; x_wconf 82' lang='lat' dir='ltr'>ego</span> <span class='ocrx_word' id='word_1_321' title='bbox 1053 1823 1083 1854; x_wconf 92' lang='grc'><strong>111-</strong></span> 
     </span>
     <span class='ocr_line' id='line_1_28' title="bbox 69 1881 1082 1931; baseline 0 -16"><span class='ocrx_word' id='word_1_322' title='bbox 69 1883 122 1929; x_wconf 80' lang='lat' dir='ltr'>spexi</span> <span class='ocrx_word' id='word_1_323' title='bbox 137 1883 232 1916; x_wconf 88' lang='lat' dir='ltr'>Romanae</span> <span class='ocrx_word' id='word_1_324' title='bbox 248 1882 335 1916; x_wconf 88' lang='lat' dir='ltr'>editionis</span> <span class='ocrx_word' id='word_1_325' title='bbox 351 1883 491 1931; x_wconf 83' lang='lat' dir='ltr'>exemplaribus</span> <span class='ocrx_word' id='word_1_326' title='bbox 507 1882 542 1926; x_wconf 53' lang='lat'>[425</span> <span class='ocrx_word' id='word_1_327' title='bbox 563 1884 632 1931; x_wconf 84' lang='lat' dir='ltr'>legitur</span> <span class='ocrx_word' id='word_1_328' title='bbox 645 1903 677 1925; x_wconf 60' lang='lat' dir='ltr'>”a</span> <span class='ocrx_word' id='word_1_329' title='bbox 696 1883 732 1918; x_wconf 87' lang='lat' dir='ltr'>sed</span> <span class='ocrx_word' id='word_1_330' title='bbox 747 1884 800 1917; x_wconf 89' lang='lat' dir='ltr'>etiam</span> <span class='ocrx_word' id='word_1_331' title='bbox 821 1893 885 1931; x_wconf 84' lang='lat' dir='ltr'>aperta</span> <span class='ocrx_word' id='word_1_332' title='bbox 909 1882 996 1916; x_wconf 88' lang='lat' dir='ltr'>editionis</span> <span class='ocrx_word' id='word_1_333' title='bbox 1012 1881 1082 1916; x_wconf 87' lang='lat' dir='ltr'>menda</span> 
     </span>
     <span class='ocr_line' id='line_1_29' title="bbox 67 1943 1082 1996; baseline -0.003 -17"><span class='ocrx_word' id='word_1_334' title='bbox 67 1945 87 1979; x_wconf 91' lang='lat' dir='ltr'>in</span> <span class='ocrx_word' id='word_1_335' title='bbox 102 1944 169 1979; x_wconf 90' lang='lat' dir='ltr'>codice</span> <span class='ocrx_word' id='word_1_336' title='bbox 181 1946 311 1993; x_wconf 82' lang='lat' dir='ltr'>reperiuntur.</span> <span class='ocrx_word' id='word_1_337' title='bbox 341 1946 374 1979; x_wconf 89' lang='lat' dir='ltr'>Mt.</span> <span class='ocrx_word' id='word_1_338' title='bbox 387 1945 429 1986; x_wconf 82' lang='lat' dir='ltr'>L4</span> <span class='ocrx_word' id='word_1_339' title='bbox 446 1948 466 1980; x_wconf 93' lang='lat' dir='ltr'>in</span> <span class='ocrx_word' id='word_1_340' title='bbox 482 1956 564 1993; x_wconf 88' lang='lat' dir='ltr'>utroque</span> <span class='ocrx_word' id='word_1_341' title='bbox 583 1945 633 1979; x_wconf 90' lang='lat' dir='ltr'>libro</span> <span class='ocrx_word' id='word_1_342' title='bbox 653 1944 723 1993; x_wconf 80' lang='lat' dir='ltr'>legitur</span> <span class='ocrx_word' id='word_1_343' title='bbox 739 1943 811 1996; x_wconf 46' lang='lat' dir='ltr'>(clap)</span> <span class='ocrx_word' id='word_1_344' title='bbox 832 1957 867 1991; x_wconf 87' lang='lat' dir='ltr'>pro</span> <span class='ocrx_word' id='word_1_345' title='bbox 884 1944 976 1978; x_wconf 87' lang='lat' dir='ltr'>Robcami</span> <span class='ocrx_word' id='word_1_346' title='bbox 997 1944 1082 1986; x_wconf 77' lang='lat' dir='ltr'>nomine3</span> 
     </span>
     <span class='ocr_line' id='line_1_30' title="bbox 67 2002 1083 2054; baseline -0.003 -14"><span class='ocrx_word' id='word_1_347' title='bbox 67 2004 153 2046; x_wconf 79' lang='grc' dir='ltr'><strong>Μ1.2,2</strong></span> <span class='ocrx_word' id='word_1_348' title='bbox 170 2007 249 2040; x_wconf 87' lang='lat' dir='ltr'>omissae</span> <span class='ocrx_word' id='word_1_349' title='bbox 263 2007 283 2039; x_wconf 91' lang='lat' dir='ltr'>in</span> <span class='ocrx_word' id='word_1_350' title='bbox 298 2005 364 2040; x_wconf 89' lang='lat' dir='ltr'>codice</span> <span class='ocrx_word' id='word_1_351' title='bbox 381 2018 422 2041; x_wconf 85' lang='lat' dir='ltr'>ante</span> <span class='ocrx_word' id='word_1_352' title='bbox 444 2009 512 2047; x_wconf 55' lang='grc' dir='ltr'>ιλξὶκέ</span> <span class='ocrx_word' id='word_1_353' title='bbox 529 2005 633 2054; x_wconf 90' lang='lat' dir='ltr'>particulae</span> <span class='ocrx_word' id='word_1_354' title='bbox 649 2002 660 2042; x_wconf 79' lang='grc'>11</span> <span class='ocrx_word' id='word_1_355' title='bbox 676 2019 730 2040; x_wconf 89' lang='grc'><strong>01051</strong></span> <span class='ocrx_word' id='word_1_356' title='bbox 745 2006 791 2046; x_wconf 81' lang='lat' dir='ltr'>fuit,</span> <span class='ocrx_word' id='word_1_357' title='bbox 807 2004 859 2053; x_wconf 90' lang='lat' dir='ltr'>quod</span> <span class='ocrx_word' id='word_1_358' title='bbox 879 2006 898 2038; x_wconf 90' lang='lat' dir='ltr'>in</span> <span class='ocrx_word' id='word_1_359' title='bbox 921 2004 972 2039; x_wconf 91' lang='lat' dir='ltr'>edito</span> <span class='ocrx_word' id='word_1_360' title='bbox 985 2003 1034 2037; x_wconf 90' lang='lat' dir='ltr'>male</span> <span class='ocrx_word' id='word_1_361' title='bbox 1050 2017 1083 2037; x_wconf 79' lang='lat' dir='ltr'>ex-</span> 
     </span>
     <span class='ocr_line' id='line_1_31' title="bbox 68 2061 1082 2116; baseline 0 -17"><span class='ocrx_word' id='word_1_362' title='bbox 68 2079 133 2113; x_wconf 89' lang='lat' dir='ltr'>pressa</span> <span class='ocrx_word' id='word_1_363' title='bbox 150 2077 183 2101; x_wconf 88' lang='lat' dir='ltr'>est.</span> <span class='ocrx_word' id='word_1_364' title='bbox 214 2067 266 2108; x_wconf 87' lang='lat' dir='ltr'>Quae</span> <span class='ocrx_word' id='word_1_365' title='bbox 282 2076 382 2114; x_wconf 83' lang='lat' dir='ltr'>praeterea</span> <span class='ocrx_word' id='word_1_366' title='bbox 398 2067 508 2116; x_wconf 85' lang='lat' dir='ltr'>discrepare</span> <span class='ocrx_word' id='word_1_367' title='bbox 524 2067 624 2101; x_wconf 87' lang='lat' dir='ltr'>traduntur</span> <span class='ocrx_word' id='word_1_368' title='bbox 639 2067 697 2101; x_wconf 82' lang='lat' dir='ltr'>verba</span> <span class='ocrx_word' id='word_1_369' title='bbox 713 2066 739 2114; x_wconf 83' lang='lat' dir='ltr'>(p.</span> <span class='ocrx_word' id='word_1_370' title='bbox 753 2065 780 2102; x_wconf 84' lang='lat'>34</span> <span class='ocrx_word' id='word_1_371' title='bbox 794 2061 852 2116; x_wconf 50' lang='grc' dir='ltr'>ΟΜ</span> <span class='ocrx_word' id='word_1_372' title='bbox 863 2061 938 2113; x_wconf 49' lang='lat' dir='ltr'>eto-5¹³)</span> <span class='ocrx_word' id='word_1_373' title='bbox 954 2066 995 2099; x_wconf 91' lang='lat' dir='ltr'>vitia</span> <span class='ocrx_word' id='word_1_374' title='bbox 1009 2064 1082 2098; x_wconf 83' lang='lat' dir='ltr'>librarii</span> 
     </span>
     <span class='ocr_line' id='line_1_32' title="bbox 68 2120 1081 2183; baseline -0.001 -23"><span class='ocrx_word' id='word_1_375' title='bbox 68 2137 124 2167; x_wconf 87' lang='lat' dir='ltr'>sunt,</span> <span class='ocrx_word' id='word_1_376' title='bbox 145 2126 196 2175; x_wconf 81' lang='lat' dir='ltr'>quod</span> <span class='ocrx_word' id='word_1_377' title='bbox 211 2136 265 2175; x_wconf 87' lang='lat' dir='ltr'>patet</span> <span class='ocrx_word' id='word_1_378' title='bbox 281 2128 336 2161; x_wconf 89' lang='lat' dir='ltr'>etiam</span> <span class='ocrx_word' id='word_1_379' title='bbox 355 2129 375 2161; x_wconf 89' lang='lat' dir='ltr'>in</span> <span class='ocrx_word' id='word_1_380' title='bbox 393 2141 438 2162; x_wconf 85' lang='lat' dir='ltr'>voce</span> <span class='ocrx_word' id='word_1_381' title='bbox 459 2142 511 2183; x_wconf 50' lang='lat' dir='ltr'>2⁸?st</span> <span class='ocrx_word' id='word_1_382' title='bbox 531 2127 594 2162; x_wconf 90' lang='lat' dir='ltr'>addita</span> <span class='ocrx_word' id='word_1_383' title='bbox 610 2129 643 2162; x_wconf 80' lang='lat' dir='ltr'>Mt.</span> <span class='ocrx_word' id='word_1_384' title='bbox 654 2126 672 2168; x_wconf 74' lang='lat'>2,</span> <span class='ocrx_word' id='word_1_385' title='bbox 684 2127 714 2170; x_wconf 77' lang='lat'>18,</span> <span class='ocrx_word' id='word_1_386' title='bbox 730 2128 765 2163; x_wconf 86' lang='lat' dir='ltr'>sed</span> <span class='ocrx_word' id='word_1_387' title='bbox 780 2127 901 2175; x_wconf 90' lang='lat' dir='ltr'>postmodum</span> <span class='ocrx_word' id='word_1_388' title='bbox 918 2125 982 2161; x_wconf 85' lang='lat' dir='ltr'>deleta</span> <span class='ocrx_word' id='word_1_389' title='bbox 998 2126 1025 2173; x_wconf 81' lang='lat' dir='ltr'>(p.</span> <span class='ocrx_word' id='word_1_390' title='bbox 1039 2120 1081 2173; x_wconf 90' lang='lat'>41).</span> 
     </span>
     <span class='ocr_line' id='line_1_33' title="bbox 67 2187 1081 2237; baseline -0.002 -15"><span class='ocrx_word' id='word_1_391' title='bbox 67 2188 131 2222; x_wconf 87' lang='lat' dir='ltr'>Editio</span> <span class='ocrx_word' id='word_1_392' title='bbox 147 2189 230 2222; x_wconf 80' lang='lat' dir='ltr'>Romana</span> <span class='ocrx_word' id='word_1_393' title='bbox 246 2202 304 2236; x_wconf 86' lang='lat' dir='ltr'>quum</span> <span class='ocrx_word' id='word_1_394' title='bbox 320 2189 342 2222; x_wconf 91' lang='lat' dir='ltr'>ab</span> <span class='ocrx_word' id='word_1_395' title='bbox 357 2190 409 2223; x_wconf 89' lang='lat' dir='ltr'>initio</span> <span class='ocrx_word' id='word_1_396' title='bbox 425 2203 492 2237; x_wconf 89' lang='lat' dir='ltr'>parum</span> <span class='ocrx_word' id='word_1_397' title='bbox 505 2188 598 2237; x_wconf 81' lang='lat' dir='ltr'>divulgata</span> <span class='ocrx_word' id='word_1_398' title='bbox 613 2199 669 2237; x_wconf 87' lang='lat' dir='ltr'>atque</span> <span class='ocrx_word' id='word_1_399' title='bbox 686 2189 719 2223; x_wconf 91' lang='lat' dir='ltr'>diu</span> <span class='ocrx_word' id='word_1_400' title='bbox 729 2201 807 2236; x_wconf 85' lang='lat' dir='ltr'>perrara</span> <span class='ocrx_word' id='word_1_401' title='bbox 824 2198 884 2229; x_wconf 85' lang='lat' dir='ltr'>esset,</span> <span class='ocrx_word' id='word_1_402' title='bbox 900 2187 920 2221; x_wconf 90' lang='lat' dir='ltr'>id</span> <span class='ocrx_word' id='word_1_403' title='bbox 936 2187 988 2236; x_wconf 88' lang='lat' dir='ltr'>quod</span> <span class='ocrx_word' id='word_1_404' title='bbox 1005 2188 1081 2235; x_wconf 81' lang='lat' dir='ltr'>egregie</span> 
     </span>
     <span class='ocr_line' id='line_1_34' title="bbox 68 2248 1081 2300; baseline -0.002 -17"><span class='ocrx_word' id='word_1_405' title='bbox 68 2248 158 2283; x_wconf 87' lang='lat' dir='ltr'>illustrari</span> <span class='ocrx_word' id='word_1_406' title='bbox 172 2258 238 2300; x_wconf 84' lang='lat' dir='ltr'>potest</span> <span class='ocrx_word' id='word_1_407' title='bbox 253 2249 342 2296; x_wconf 81' lang='lat' dir='ltr'>exemplo</span> <span class='ocrx_word' id='word_1_408' title='bbox 358 2250 470 2299; x_wconf 78' lang='lat' dir='ltr'>Hottingeri,</span> <span class='ocrx_word' id='word_1_409' title='bbox 486 2251 519 2298; x_wconf 89' lang='lat' dir='ltr'>qui</span> <span class='ocrx_word' id='word_1_410' title='bbox 535 2251 618 2298; x_wconf 84' lang='lat' dir='ltr'>quamvis</span> <span class='ocrx_word' id='word_1_411' title='bbox 633 2250 700 2284; x_wconf 88' lang='lat' dir='ltr'>harum</span> <span class='ocrx_word' id='word_1_412' title='bbox 720 2262 784 2284; x_wconf 89' lang='lat' dir='ltr'>rerum</span> <span class='ocrx_word' id='word_1_413' title='bbox 801 2251 857 2283; x_wconf 90' lang='lat' dir='ltr'>etiam</span> <span class='ocrx_word' id='word_1_414' title='bbox 878 2248 922 2282; x_wconf 90' lang='lat' dir='ltr'>dum</span> <span class='ocrx_word' id='word_1_415' title='bbox 937 2250 987 2283; x_wconf 89' lang='lat' dir='ltr'>inter</span> <span class='ocrx_word' id='word_1_416' title='bbox 1003 2249 1081 2282; x_wconf 87' lang='lat' dir='ltr'>Batavos</span> 
     </span>
     <span class='ocr_line' id='line_1_35' title="bbox 68 2309 1080 2359; baseline -0.002 -16"><span class='ocrx_word' id='word_1_417' title='bbox 68 2318 219 2345; x_wconf 87' lang='lat' dir='ltr'>commoraretur</span> <span class='ocrx_word' id='word_1_418' title='bbox 242 2309 320 2344; x_wconf 83' lang='lat' dir='ltr'>sedulus</span> <span class='ocrx_word' id='word_1_419' title='bbox 336 2320 429 2346; x_wconf 86' lang='lat' dir='ltr'>scrutator</span> <span class='ocrx_word' id='word_1_420' title='bbox 443 2314 463 2345; x_wconf 91' lang='lat' dir='ltr'>in</span> <span class='ocrx_word' id='word_1_421' title='bbox 476 2310 579 2346; x_wconf 83' lang='lat' dir='ltr'>Analectt&#39;s</span> <span class='ocrx_word' id='word_1_422' title='bbox 595 2309 675 2347; x_wconf 74' lang='lat'>1652·8</span> <span class='ocrx_word' id='word_1_423' title='bbox 690 2326 709 2359; x_wconf 85' lang='lat' dir='ltr'>p·</span> <span class='ocrx_word' id='word_1_424' title='bbox 719 2309 760 2346; x_wconf 74' lang='lat'>264</span> <span class='ocrx_word' id='word_1_425' title='bbox 775 2323 794 2344; x_wconf 89' lang='lat' dir='ltr'>se</span> <span class='ocrx_word' id='word_1_426' title='bbox 811 2324 851 2344; x_wconf 91' lang='lat' dir='ltr'>eam</span> <span class='ocrx_word' id='word_1_427' title='bbox 864 2323 960 2358; x_wconf 86' lang='lat' dir='ltr'>nunquam</span> <span class='ocrx_word' id='word_1_428' title='bbox 975 2309 1000 2343; x_wconf 89' lang='lat' dir='ltr'>ad</span> <span class='ocrx_word' id='word_1_429' title='bbox 1015 2320 1080 2342; x_wconf 89' lang='lat' dir='ltr'>manus</span> 
     </span>
     <span class='ocr_line' id='line_1_36' title="bbox 67 2368 1081 2420; baseline -0.003 -15"><span class='ocrx_word' id='word_1_430' title='bbox 67 2371 157 2405; x_wconf 89' lang='lat' dir='ltr'>habuisse</span> <span class='ocrx_word' id='word_1_431' title='bbox 173 2372 266 2418; x_wconf 85' lang='lat' dir='ltr'>queritur,</span> <span class='ocrx_word' id='word_1_432' title='bbox 280 2383 319 2405; x_wconf 88' lang='lat' dir='ltr'>non</span> <span class='ocrx_word' id='word_1_433' title='bbox 334 2372 400 2406; x_wconf 88' lang='lat' dir='ltr'>mirum</span> <span class='ocrx_word' id='word_1_434' title='bbox 417 2382 444 2406; x_wconf 87' lang='lat' dir='ltr'>est</span> <span class='ocrx_word' id='word_1_435' title='bbox 459 2372 543 2420; x_wconf 90' lang='lat' dir='ltr'>aliquem</span> <span class='ocrx_word' id='word_1_436' title='bbox 558 2373 594 2407; x_wconf 90' lang='lat' dir='ltr'>sibi</span> <span class='ocrx_word' id='word_1_437' title='bbox 608 2385 648 2406; x_wconf 87' lang='lat' dir='ltr'>eam</span> <span class='ocrx_word' id='word_1_438' title='bbox 664 2373 687 2406; x_wconf 85' lang='lat' dir='ltr'>ab</span> <span class='ocrx_word' id='word_1_439' title='bbox 702 2372 779 2406; x_wconf 85' lang='lat' dir='ltr'>homine</span> <span class='ocrx_word' id='word_1_440' title='bbox 796 2370 861 2406; x_wconf 87' lang='lat' dir='ltr'>calami</span> <span class='ocrx_word' id='word_1_441' title='bbox 876 2372 953 2406; x_wconf 85' lang='lat' dir='ltr'>Arabici</span> <span class='ocrx_word' id='word_1_442' title='bbox 968 2371 1032 2419; x_wconf 89' lang='lat' dir='ltr'>perito</span> <span class='ocrx_word' id='word_1_443' title='bbox 1047 2368 1081 2401; x_wconf 85' lang='lat' dir='ltr'>de-</span> 
     </span>
     <span class='ocr_line' id='line_1_37' title="bbox 66 2431 1080 2481; baseline -0.005 -15"><span class='ocrx_word' id='word_1_444' title='bbox 66 2431 189 2467; x_wconf 87' lang='lat' dir='ltr'>scribendam</span> <span class='ocrx_word' id='word_1_445' title='bbox 205 2444 287 2466; x_wconf 89' lang='lat' dir='ltr'>curasse.</span> <span class='ocrx_word' id='word_1_446' title='bbox 312 2432 340 2466; x_wconf 86' lang='lat' dir='ltr'>Ita</span> <span class='ocrx_word' id='word_1_447' title='bbox 354 2432 465 2480; x_wconf 81' lang='lat' dir='ltr'>intelligitur</span> <span class='ocrx_word' id='word_1_448' title='bbox 480 2446 557 2481; x_wconf 86' lang='lat' dir='ltr'>quoque</span> <span class='ocrx_word' id='word_1_449' title='bbox 572 2434 605 2481; x_wconf 89' lang='lat' dir='ltr'>qui</span> <span class='ocrx_word' id='word_1_450' title='bbox 618 2434 686 2467; x_wconf 79' lang='lat' dir='ltr'>sactum</span> <span class='ocrx_word' id='word_1_451' title='bbox 702 2433 732 2472; x_wconf 91' lang='lat' dir='ltr'>sit,</span> <span class='ocrx_word' id='word_1_452' title='bbox 745 2442 765 2466; x_wconf 89' lang='lat' dir='ltr'>ut</span> <span class='ocrx_word' id='word_1_453' title='bbox 775 2433 832 2467; x_wconf 89' lang='lat' dir='ltr'>homo</span> <span class='ocrx_word' id='word_1_454' title='bbox 842 2433 969 2467; x_wconf 87' lang='lat' dir='ltr'>mauretanica</span> <span class='ocrx_word' id='word_1_455' title='bbox 979 2432 1080 2465; x_wconf 83' lang='lat' dir='ltr'>literarum</span> 
     </span>
     <span class='ocr_line' id='line_1_38' title="bbox 66 2490 1079 2541; baseline -0.006 -13"><span class='ocrx_word' id='word_1_456' title='bbox 66 2493 127 2528; x_wconf 83' lang='lat' dir='ltr'>forma</span> <span class='ocrx_word' id='word_1_457' title='bbox 133 2519 139 2534; x_wconf 82' lang='grc'>,</span> <span class='ocrx_word' id='word_1_458' title='bbox 156 2506 191 2541; x_wconf 86' lang='lat' dir='ltr'>qua</span> <span class='ocrx_word' id='word_1_459' title='bbox 211 2502 295 2526; x_wconf 87' lang='lat' dir='ltr'>assuetus</span> <span class='ocrx_word' id='word_1_460' title='bbox 312 2503 364 2534; x_wconf 87' lang='lat' dir='ltr'>erat,</span> <span class='ocrx_word' id='word_1_461' title='bbox 380 2503 475 2535; x_wconf 89' lang='lat' dir='ltr'>uteretur,</span> <span class='ocrx_word' id='word_1_462' title='bbox 495 2497 515 2529; x_wconf 90' lang='grc'>10</span> <span class='ocrx_word' id='word_1_463' title='bbox 535 2494 595 2529; x_wconf 89' lang='grc'><strong>1110115</strong></span> <span class='ocrx_word' id='word_1_464' title='bbox 610 2504 673 2529; x_wconf 90' lang='lat' dir='ltr'>autem</span> <span class='ocrx_word' id='word_1_465' title='bbox 688 2497 709 2529; x_wconf 62' lang='lat' dir='ltr'>ci</span> <span class='ocrx_word' id='word_1_466' title='bbox 726 2504 744 2528; x_wconf 88' lang='lat' dir='ltr'>et</span> <span class='ocrx_word' id='word_1_467' title='bbox 758 2498 779 2529; x_wconf 65' lang='lat' dir='ltr'>ct</span> <span class='ocrx_word' id='word_1_468' title='bbox 794 2507 848 2528; x_wconf 92' lang='lat' dir='ltr'>usum</span> <span class='ocrx_word' id='word_1_469' title='bbox 868 2493 919 2541; x_wconf 84' lang='lat' dir='ltr'>apud</span> <span class='ocrx_word' id='word_1_470' title='bbox 934 2505 969 2527; x_wconf 89' lang='lat' dir='ltr'>nos</span> <span class='ocrx_word' id='word_1_471' title='bbox 984 2490 1079 2537; x_wconf 84' lang='lat' dir='ltr'>vulgarem</span> 
     </span>
     <span class='ocr_line' id='line_1_39' title="bbox 66 2552 1079 2603; baseline -0.003 -16"><span class='ocrx_word' id='word_1_472' title='bbox 66 2554 171 2595; x_wconf 83' lang='lat' dir='ltr'>retineret,</span> <span class='ocrx_word' id='word_1_473' title='bbox 187 2553 240 2601; x_wconf 88' lang='lat' dir='ltr'>quod</span> <span class='ocrx_word' id='word_1_474' title='bbox 259 2553 313 2587; x_wconf 86' lang='lat' dir='ltr'>aliter</span> <span class='ocrx_word' id='word_1_475' title='bbox 326 2555 356 2588; x_wconf 75' lang='lat' dir='ltr'>vir</span> <span class='ocrx_word' id='word_1_476' title='bbox 371 2554 478 2602; x_wconf 85' lang='lat' dir='ltr'>explicabis.</span> <span class='ocrx_word' id='word_1_477' title='bbox 508 2556 573 2603; x_wconf 83' lang='lat' dir='ltr'>ltaque</span> <span class='ocrx_word' id='word_1_478' title='bbox 596 2569 619 2590; x_wconf 82' lang='lat' dir='ltr'>ex</span> <span class='ocrx_word' id='word_1_479' title='bbox 638 2555 691 2589; x_wconf 89' lang='grc'><strong>110105</strong></span> <span class='ocrx_word' id='word_1_480' title='bbox 708 2557 812 2603; x_wconf 81' lang='lat' dir='ltr'>scripturae</span> <span class='ocrx_word' id='word_1_481' title='bbox 828 2569 862 2589; x_wconf 93' lang='lat' dir='ltr'>usu</span> <span class='ocrx_word' id='word_1_482' title='bbox 879 2555 972 2602; x_wconf 78' lang='lat' dir='ltr'>originem</span> <span class='ocrx_word' id='word_1_483' title='bbox 987 2552 1079 2586; x_wconf 86' lang='lat' dir='ltr'>versionis</span> 
     </span>
     <span class='ocr_line' id='line_1_40' title="bbox 66 2614 493 2663; baseline 0.002 -15"><span class='ocrx_word' id='word_1_484' title='bbox 66 2614 188 2663; x_wconf 87' lang='lat' dir='ltr'>Hispanicam</span> <span class='ocrx_word' id='word_1_485' title='bbox 204 2615 280 2649; x_wconf 90' lang='lat' dir='ltr'>efficere</span> <span class='ocrx_word' id='word_1_486' title='bbox 297 2615 374 2649; x_wconf 86' lang='lat' dir='ltr'>omnino</span> <span class='ocrx_word' id='word_1_487' title='bbox 389 2628 429 2650; x_wconf 85' lang='lat' dir='ltr'>non</span> <span class='ocrx_word' id='word_1_488' title='bbox 442 2615 493 2650; x_wconf 89' lang='lat' dir='ltr'>licet.</span> 
     </span>
    </p>
   </div>
   <div class='ocr_carea' id='block_1_6' title="bbox 66 2689 1078 2864">
    <p class='ocr_par' dir='ltr' id='par_1_6' title="bbox 66 2689 1078 2864">
     <span class='ocr_line' id='line_1_41' title="bbox 123 2689 1078 2741; baseline 0 -16"><span class='ocrx_word' id='word_1_489' title='bbox 123 2692 147 2728; x_wconf 90' lang='grc' dir='ltr'>Π,</span> <span class='ocrx_word' id='word_1_490' title='bbox 180 2692 235 2738; x_wconf 82' lang='lat' dir='ltr'>Quae</span> <span class='ocrx_word' id='word_1_491' title='bbox 253 2706 265 2726; x_wconf 88' lang='lat' dir='ltr'>a</span> <span class='ocrx_word' id='word_1_492' title='bbox 280 2693 359 2727; x_wconf 84' lang='lat' dir='ltr'>Ioanne</span> <span class='ocrx_word' id='word_1_493' title='bbox 375 2691 490 2740; x_wconf 83' lang='lat' dir='ltr'>Hispalensi</span> <span class='ocrx_word' id='word_1_494' title='bbox 507 2694 583 2728; x_wconf 81' lang='lat' dir='ltr'>saeculo</span> <span class='ocrx_word' id='word_1_495' title='bbox 599 2693 656 2730; x_wconf 88' lang='lat' dir='ltr'><em>VIII</em></span> <span class='ocrx_word' id='word_1_496' title='bbox 677 2696 788 2741; x_wconf 82' lang='lat' dir='ltr'>conscripta</span> <span class='ocrx_word' id='word_1_497' title='bbox 807 2705 848 2726; x_wconf 86' lang='lat' dir='ltr'>esse</span> <span class='ocrx_word' id='word_1_498' title='bbox 858 2693 929 2736; x_wconf 82' lang='lat' dir='ltr'>fertur</span> <span class='ocrx_word' id='word_1_499' title='bbox 943 2689 1035 2724; x_wconf 80' lang='lat' dir='ltr'>librorum</span> <span class='ocrx_word' id='word_1_500' title='bbox 1050 2691 1078 2725; x_wconf 78' lang='lat' dir='ltr'>bi-</span> 
     </span>
     <span class='ocr_line' id='line_1_42' title="bbox 66 2752 1078 2803; baseline -0.001 -16"><span class='ocrx_word' id='word_1_501' title='bbox 66 2753 159 2788; x_wconf 81' lang='lat' dir='ltr'>blicorum</span> <span class='ocrx_word' id='word_1_502' title='bbox 173 2753 278 2788; x_wconf 81' lang='lat' dir='ltr'>translatio</span> <span class='ocrx_word' id='word_1_503' title='bbox 285 2753 379 2792; x_wconf 80' lang='lat' dir='ltr'>Arabica,</span> <span class='ocrx_word' id='word_1_504' title='bbox 394 2754 449 2788; x_wconf 79' lang='lat' dir='ltr'>nulla</span> <span class='ocrx_word' id='word_1_505' title='bbox 458 2756 507 2798; x_wconf 77' lang='lat' dir='ltr'>fnit.</span> <span class='ocrx_word' id='word_1_506' title='bbox 531 2754 659 2803; x_wconf 87' lang='lat' dir='ltr'>Scriptoribus</span> <span class='ocrx_word' id='word_1_507' title='bbox 675 2754 759 2803; x_wconf 82' lang='lat' dir='ltr'>quidem,</span> <span class='ocrx_word' id='word_1_508' title='bbox 773 2755 805 2801; x_wconf 83' lang='lat' dir='ltr'>qni</span> <span class='ocrx_word' id='word_1_509' title='bbox 820 2753 844 2786; x_wconf 85' lang='lat' dir='ltr'>de</span> <span class='ocrx_word' id='word_1_510' title='bbox 854 2752 918 2786; x_wconf 86' lang='lat' dir='ltr'>critica</span> <span class='ocrx_word' id='word_1_511' title='bbox 925 2752 948 2786; x_wconf 87' lang='lat' dir='ltr'>N.</span> <span class='ocrx_word' id='word_1_512' title='bbox 956 2752 980 2786; x_wconf 82' lang='lat' dir='ltr'>T.</span> <span class='ocrx_word' id='word_1_513' title='bbox 994 2763 1078 2801; x_wconf 86' lang='lat' dir='ltr'>egerunt,</span> 
     </span>
     <span class='ocr_line' id='line_1_43' title="bbox 66 2810 1078 2864; baseline -0.002 -15"><span class='ocrx_word' id='word_1_514' title='bbox 66 2817 138 2863; x_wconf 88' lang='lat' dir='ltr'>optimc</span> <span class='ocrx_word' id='word_1_515' title='bbox 153 2824 197 2850; x_wconf 88' lang='lat' dir='ltr'>nota</span> <span class='ocrx_word' id='word_1_516' title='bbox 208 2824 236 2849; x_wconf 91' lang='lat' dir='ltr'>est</span> <span class='ocrx_word' id='word_1_517' title='bbox 246 2815 293 2849; x_wconf 85' lang='lat' dir='ltr'>baec</span> <span class='ocrx_word' id='word_1_518' title='bbox 308 2816 369 2850; x_wconf 86' lang='lat' dir='ltr'>versio</span> <span class='ocrx_word' id='word_1_519' title='bbox 385 2829 407 2850; x_wconf 78' lang='lat' dir='ltr'>ex</span> <span class='ocrx_word' id='word_1_520' title='bbox 421 2815 465 2851; x_wconf 88' lang='lat' dir='ltr'>loco</span> <span class='ocrx_word' id='word_1_521' title='bbox 480 2810 571 2864; x_wconf 80' lang='lat' dir='ltr'>(primum</span> <span class='ocrx_word' id='word_1_522' title='bbox 583 2825 674 2864; x_wconf 83' lang='lat' dir='ltr'>quantum</span> <span class='ocrx_word' id='word_1_523' title='bbox 689 2816 728 2849; x_wconf 88' lang='lat' dir='ltr'>scio</span> <span class='ocrx_word' id='word_1_524' title='bbox 743 2814 821 2849; x_wconf 86' lang='lat' dir='ltr'>inducto</span> <span class='ocrx_word' id='word_1_525' title='bbox 833 2827 842 2846; x_wconf 88' lang='lat' dir='ltr'>a</span> <span class='ocrx_word' id='word_1_526' title='bbox 852 2813 940 2848; x_wconf 74' lang='grc'><strong>8111111110</strong></span> <span class='ocrx_word' id='word_1_527' title='bbox 956 2813 980 2848; x_wconf 88' lang='lat' dir='ltr'>ad</span> <span class='ocrx_word' id='word_1_528' title='bbox 990 2816 1078 2864; x_wconf 88' lang='lat' dir='ltr'>Eutychii</span> 
     </span>
    </p>
   </div>
   <div class='ocr_carea' id='block_1_7' title="bbox 0 0 1102 3002">
    <p class='ocr_par' dir='ltr' id='par_1_7' title="bbox 0 0 1102 3002">
     <span class='ocr_line' id='line_1_44' title="bbox 0 0 1102 3002; baseline 0 2"><span class='ocrx_word' id='word_1_529' title='bbox 0 0 1102 3002; x_wconf 95' lang='lat' dir='ltr'> </span> 
     </span>
    </p>
   </div>
  </div>
 </body>
</html>
